Metrics,2023-03-31,2022-12-31,2022-09-30,2022-06-30,2022-03-31,2021-12-31,2021-09-30,2021-06-30,2021-03-31,2020-12-31,2020-09-30,2020-06-30,2020-03-31,2019-12-31,2019-09-30,2019-06-30,2019-03-31,2018-12-31,2018-09-30,2018-06-30,2018-03-31,2017-12-31,2017-09-30,2017-06-30,2017-03-31,2016-12-31,2016-09-30,2016-06-30,2016-03-31,2015-12-31,2015-09-30,2015-06-30,2015-03-31,2014-12-31,2014-09-30,2014-06-30,2014-03-31,2013-12-31,2013-09-30,2013-06-30,+70 Quarters
Revenue,"2,706.1","2,028.3","2,044","2,043","2,435.3","1,972.7","2,138.2","1,933.5","2,165","1,703.6","1,849.1","1,584","1,866.9","1,721.4","1,825.2","1,657.8","1,990.6","1,657.4","1,778.5","1,660.4","1,837.7","1,519.4","1,593.7","1,489.5","1,646.4","1,470.7","1,482.3","1,427.1","1,300.4","1,334.9","1,454.8","1,371.4","1,231.3","1,245.4","1,286.8","1,179.3",915,890.2,835.8,779.5,Upgrade
Revenue Growth (YoY),11.12%,2.82%,-4.41%,5.66%,12.48%,15.80%,15.63%,22.06%,15.97%,-1.03%,1.31%,-4.45%,-6.21%,3.86%,2.63%,-0.16%,8.32%,9.08%,11.60%,11.47%,11.62%,3.31%,7.52%,4.37%,26.61%,10.17%,1.89%,4.06%,5.61%,7.19%,13.06%,16.29%,34.57%,39.90%,53.96%,51.29%,35.74%,32.23%,28.51%,19.94%,Upgrade
Cost of Revenue,382.5,368.2,321.5,323.9,340.2,549.5,631.7,522.2,542.2,447.1,522.4,376,443.1,561.2,665.4,549.7,645,671.3,736.5,664.6,647.3,636.9,660.4,601.3,566.4,507.1,639.3,529.6,508.9,538.5,627,513.9,512.8,509,523.5,449.7,319.8,286.9,280,214.4,Upgrade
Gross Profit,"2,323.6","1,660.1","1,722.5","1,719.1","2,095.1","1,423.2","1,506.5","1,411.3","1,622.8","1,256.5","1,326.7","1,208","1,423.8","1,160.2","1,159.8","1,108.1","1,345.6",986.1,"1,042",995.8,"1,190.4",882.5,933.3,888.2,"1,080",963.6,843,897.5,791.5,796.4,827.8,857.5,718.5,736.4,763.3,729.6,595.2,603.3,555.8,565.1,Upgrade
"Selling, General & Admin","1,415.5","1,174.9","1,181.8","1,161.1","1,282","1,014.3","1,000.5",937.1,975.6,881.2,873.5,815.6,896.2,857.4,838.7,806.3,837.1,760.1,765.7,724.7,775.8,688.2,680.5,666.9,711.8,657.5,626.6,631,622.1,633.7,604.9,615.1,575.2,606.7,564.6,530,466.3,473.1,412.5,415.5,Upgrade
Other Operating Expenses,159.4,154,145.5,140.3,159.8,146.5,131.3,145.2,143.3,133.5,133.9,122.6,172.4,129.6,119.3,115,110.5,109.8,106.2,104.2,98.8,96.6,100.1,95.3,93.8,89.3,88.9,88.6,84,93.8,81.9,82.3,76.2,73.6,72.9,59.5,52.9,50.3,45.1,42.8,Upgrade
Operating Expenses,"1,574.9","1,328.9","1,327.3","1,301.4","1,441.8","1,160.8","1,131.8","1,082.3","1,118.9","1,014.7","1,007.4",938.2,"1,068.6",987,958,921.3,947.6,869.9,871.9,828.9,874.6,784.8,780.6,762.2,805.6,746.8,715.5,719.6,706.1,727.5,686.8,697.4,651.4,680.3,637.5,589.5,519.2,523.4,457.6,458.3,Upgrade
Operating Income,748.7,331.2,395.2,417.7,653.3,262.4,374.7,329,503.9,241.8,319.3,269.8,355.2,173.2,201.8,186.8,398,116.2,170.1,166.9,315.8,97.7,152.7,126,274.4,216.8,127.5,177.9,85.4,68.9,141,160.1,67.1,56.1,125.8,140.1,76,79.9,98.2,106.8,Upgrade
Interest Expense / Income,67.9,64,64.4,64.6,63.9,61.5,60.3,56.2,48.1,47.8,48.1,50,50.5,48.1,46.6,44.9,40.2,36.5,36.7,33.9,31.3,31.2,31.4,31.6,29.9,28.3,28.5,27.2,25.8,25.8,25.6,26,25.6,25.7,25.9,21.2,16.2,13.9,13.1,11.9,Upgrade
Other Expense / Income,75.1,145.2,16.3,1.7,52.1,99.4,96.5,62.1,59,71.2,72.9,56.2,-42.2,48.2,51.4,47.7,53.6,47,53.9,38.2,54.5,44.3,51.5,48.6,58.1,151.8,11.7,18.9,15.3,20.6,17.3,13.9,21.1,4.1,12.2,11.7,13.6,16.2,-0.4,-2.5,Upgrade
Pretax Income,605.7,122,314.5,351.4,537.3,101.5,217.9,210.7,396.8,122.8,198.3,163.6,346.9,76.9,103.8,94.2,304.2,32.7,79.5,94.8,230,22.2,69.8,45.8,186.4,36.7,87.3,131.8,44.3,22.5,98.1,120.2,20.4,26.3,87.7,107.2,46.2,49.8,85.5,97.4,Upgrade
Income Tax,119.2,-13.5,58.7,67.2,98.6,-7.9,-7.2,20.5,14.7,-19.4,21.7,9.9,0.6,-21.6,-22.3,-15.9,-29.9,-84.6,-48.1,-20.1,-43.7,-49.3,-41.2,-24.2,-42.4,-40.8,-35.5,-18.2,-2.2,-39.8,-35.2,-19.1,-1.5,-25.2,-5.9,-1.8,-3.1,-10.2,10.9,3.9,Upgrade
Net Income,486.5,135.5,255.8,284.2,438.7,109.4,225.1,190.2,382.1,142.2,176.6,153.7,346.3,98.5,126.1,110.1,334.1,117.3,127.6,114.9,273.7,71.5,111,70,228.8,77.5,122.8,150,46.5,62.3,133.3,139.3,21.9,51.5,93.6,109,49.3,60,74.6,93.5,Upgrade
Net Income Growth,10.90%,23.86%,13.64%,49.42%,14.81%,-23.07%,27.46%,23.75%,10.34%,44.37%,40.05%,39.60%,3.65%,-16.03%,-1.18%,-4.18%,22.07%,64.06%,14.95%,64.14%,19.62%,-7.74%,-9.61%,-53.33%,392.04%,24.40%,-7.88%,7.68%,112.33%,20.97%,42.41%,27.80%,-55.58%,-14.17%,25.47%,16.58%,21.73%,79.10%,20.91%,30.40%,Upgrade
Shares Outstanding (Basic),212,211,210,210,209,207,207,196,194,192,191,190,188,187,186,185,184,184,183,182,181,181,180,180,179,178,177,177,177,177,175,167,165,161,159,157,134,132,128,127,Upgrade
Shares Change,1.70%,1.72%,1.73%,7.24%,7.64%,7.78%,7.98%,3.30%,2.92%,3.11%,2.90%,2.36%,2.27%,1.56%,1.89%,1.63%,1.45%,1.58%,1.36%,1.54%,1.57%,1.61%,1.77%,1.35%,0.90%,0.71%,1.42%,6.28%,7.46%,9.49%,9.78%,6.09%,23.09%,22.68%,24.51%,23.94%,6.33%,5.75%,5.56%,7.15%,Upgrade
EPS (Basic),2.29,0.64,1.21,1.35,2.10,0.50,1.09,0.94,1.96,0.74,0.92,0.81,1.83,0.53,0.68,0.59,1.81,0.64,0.70,0.63,1.51,0.39,0.61,0.39,1.28,0.43,0.69,0.85,0.26,0.34,0.76,0.82,0.13,0.30,0.58,0.71,0.37,0.45,0.57,0.73,Upgrade
EPS (Diluted),2.24,0.62,1.19,1.33,2.05,0.49,1.06,0.92,1.92,0.72,0.90,0.79,1.79,0.51,0.66,0.58,1.77,0.62,0.68,0.62,1.48,0.38,0.61,0.39,1.27,0.43,0.69,0.84,0.26,0.35,0.75,0.81,0.13,0.30,0.58,0.70,0.36,0.45,0.57,0.73,Upgrade
EPS Growth,9.27%,26.53%,12.26%,44.57%,6.77%,-31.94%,17.78%,16.46%,7.26%,41.18%,36.36%,36.21%,1.13%,-17.74%,-2.94%,-6.45%,19.59%,63.16%,11.48%,58.97%,16.54%,-11.63%,-11.59%,-53.57%,388.46%,22.86%,-8.00%,3.70%,100.00%,16.67%,29.31%,15.71%,-63.89%,-33.33%,1.75%,-4.11%,12.50%,73.08%,14.00%,23.73%,Upgrade
Free Cash Flow Per Share,1.88,0.75,5.26,1.33,0.86,2.26,2.31,2.24,0.99,2.08,2.95,3.50,0.42,2.10,1.70,2.59,-0.74,1.24,0.89,2.74,-1.37,1.25,1.69,1.17,-0.08,1.13,1.15,-0.07,0.21,1.88,1.21,-0.32,0.58,0.97,0.11,0.74,0.48,0.53,1.34,-0.03,Upgrade
Dividend Per Share,0.550,0.510,0.510,0.510,0.510,0.480,0.480,0.480,0.480,0.450,0.450,0.450,0.450,0.430,0.430,0.430,0.430,0.410,0.410,0.410,0.410,0.390,0.390,0.390,0.390,0.380,0.380,0.380,0.380,0.370,0.370,0.370,0.370,0.360,0.360,0.360,0.360,0.350,0.350,0.350,Upgrade
Dividend Growth,7.84%,6.25%,6.25%,6.25%,6.25%,6.67%,6.67%,6.67%,6.67%,4.65%,4.65%,4.65%,4.65%,4.88%,4.88%,4.88%,4.88%,5.13%,5.13%,5.13%,5.13%,2.63%,2.63%,2.63%,2.63%,2.70%,2.70%,2.70%,2.70%,2.78%,2.78%,2.78%,2.78%,2.86%,2.86%,2.86%,2.86%,2.94%,2.94%,2.94%,Upgrade
Gross Margin,85.87%,81.85%,84.27%,84.15%,86.03%,72.14%,70.46%,72.99%,74.96%,73.76%,71.75%,76.26%,76.27%,67.40%,63.54%,66.84%,67.60%,59.50%,58.59%,59.97%,64.78%,58.08%,58.56%,59.63%,65.60%,65.52%,56.87%,62.89%,60.87%,59.66%,56.90%,62.53%,58.35%,59.13%,59.32%,61.87%,65.05%,67.77%,66.50%,72.50%,Upgrade
Operating Margin,27.67%,16.33%,19.33%,20.45%,26.83%,13.30%,17.52%,17.02%,23.27%,14.19%,17.27%,17.03%,19.03%,10.06%,11.06%,11.27%,19.99%,7.01%,9.56%,10.05%,17.18%,6.43%,9.58%,8.46%,16.67%,14.74%,8.60%,12.47%,6.57%,5.16%,9.69%,11.67%,5.45%,4.50%,9.78%,11.88%,8.31%,8.98%,11.75%,13.70%,Upgrade
Profit Margin,17.98%,6.68%,12.51%,13.91%,18.01%,5.55%,10.53%,9.84%,17.65%,8.35%,9.55%,9.70%,18.55%,5.72%,6.91%,6.64%,16.78%,7.08%,7.17%,6.92%,14.89%,4.71%,6.96%,4.70%,13.90%,5.27%,8.28%,10.51%,3.58%,4.67%,9.16%,10.16%,1.78%,4.14%,7.27%,9.24%,5.39%,6.74%,8.93%,11.99%,Upgrade
Free Cash Flow Margin,14.74%,7.79%,54.18%,13.72%,7.35%,23.74%,22.33%,22.66%,8.85%,23.46%,30.54%,41.94%,4.24%,22.71%,17.37%,28.94%,-6.81%,13.69%,9.18%,30.07%,-13.53%,14.85%,19.08%,14.04%,-0.84%,13.71%,13.75%,-0.83%,2.93%,24.90%,14.55%,-3.83%,7.76%,12.57%,1.38%,9.87%,7.03%,7.87%,20.45%,-0.51%,Upgrade
Effective Tax Rate,19.68%,-11.07%,18.66%,19.12%,18.35%,-7.78%,-3.30%,9.73%,3.70%,-15.80%,10.94%,6.05%,0.17%,-28.09%,-21.48%,-16.88%,-9.83%,-258.72%,-60.50%,-21.20%,-19.00%,-222.07%,-59.03%,-52.84%,-22.75%,-111.17%,-40.66%,-13.81%,-4.97%,-176.89%,-35.88%,-15.89%,-7.35%,-95.82%,-6.73%,-1.68%,-6.71%,-20.48%,12.75%,4.00%,Upgrade
EBITDA,833,340,524.4,556.3,761,309.5,409.5,412.1,588.2,304.1,380.3,336.2,569.8,254.6,269.7,254.1,454.9,179,222.4,232.9,360.1,150,201.3,172.7,310.1,154.3,204.7,247.6,154.1,142.1,205.6,228.5,122.2,125.6,186.5,187.9,115.3,114,143.7,152.1,Upgrade
EBITDA Margin,30.78%,16.76%,25.66%,27.23%,31.25%,15.69%,19.15%,21.31%,27.17%,17.85%,20.57%,21.22%,30.52%,14.79%,14.78%,15.33%,22.85%,10.80%,12.50%,14.03%,19.60%,9.87%,12.63%,11.59%,18.84%,10.49%,13.81%,17.35%,11.85%,10.64%,14.13%,16.66%,9.92%,10.09%,14.49%,15.93%,12.60%,12.81%,17.19%,19.51%,Upgrade
Depreciation & Amortization,159.4,154,145.5,140.3,159.8,146.5,131.3,145.2,143.3,133.5,133.9,122.6,172.4,129.6,119.3,115,110.5,109.8,106.2,104.2,98.8,96.6,100.1,95.3,93.8,89.3,88.9,88.6,84,93.8,81.9,82.3,76.2,73.6,72.9,59.5,52.9,50.3,45.1,42.8,Upgrade
EBIT,673.6,186,378.9,416,601.2,163,278.2,266.9,444.9,170.6,246.4,213.6,397.4,125,150.4,139.1,344.4,69.2,116.2,128.7,261.3,53.4,101.2,77.4,216.3,65,115.8,159,70.1,48.3,123.7,146.2,46,52,113.6,128.4,62.4,63.7,98.6,109.3,Upgrade
EBIT Margin,24.89%,9.17%,18.54%,20.36%,24.69%,8.26%,13.01%,13.80%,20.55%,10.01%,13.33%,13.48%,21.29%,7.26%,8.24%,8.39%,17.30%,4.18%,6.53%,7.75%,14.22%,3.51%,6.35%,5.20%,13.14%,4.42%,7.81%,11.14%,5.39%,3.62%,8.50%,10.66%,3.74%,4.18%,8.83%,10.89%,6.82%,7.16%,11.80%,14.02%,Upgrade
