Metrics,2023-03-31,2022-12-31,2022-09-30,2022-06-30,2022-03-31,2021-12-31,2021-09-30,2021-06-30,2021-03-31,2020-12-31,2020-09-30,2020-06-30,2020-03-31,2019-12-31,2019-09-30,2019-06-30,2019-03-31,2018-12-31,2018-09-30,2018-06-30,2018-03-31,2017-12-31,2017-09-30,2017-06-30,2017-03-31,2016-12-31,2016-09-30,2016-06-30,2016-03-31,2015-12-31,2015-09-30,2015-06-30,2015-03-31,2014-12-31,2014-09-30,2014-06-30,2014-03-31,2013-12-31,2013-09-30,2013-06-30,+101 Quarters
Revenue,"120,151","92,628","63,469","9,261","68,832","112,325","75,504","96,508","70,299","103,735","94,606","96,925","-9,010","96,679","75,898","73,646","81,000","28,206","78,156","68,562","50,458","58,907","60,525","57,518","65,187","57,673","59,068","54,460","52,403","51,820","58,989","51,368","48,644","48,259","51,199","49,762","45,453","47,049","46,541","44,693",Upgrade
Revenue Growth (YoY),74.56%,-17.54%,-15.94%,-90.40%,-2.09%,8.28%,-20.19%,-0.43%,-,7.30%,24.65%,31.61%,-,242.76%,-2.89%,7.42%,60.53%,-52.12%,29.13%,19.20%,-22.59%,2.14%,2.47%,5.62%,24.40%,11.29%,0.13%,6.02%,7.73%,7.38%,15.22%,3.23%,7.02%,2.57%,10.01%,11.34%,3.62%,5.21%,13.38%,15.95%,Upgrade
Cost of Revenue,0,"124,319",0,0,0,0,0,0,0,0,0,0,0,0,0,0,0,0,0,0,0,0,0,0,0,0,0,0,0,0,0,0,0,0,0,0,0,0,0,0,Upgrade
Gross Profit,"120,151","-31,691","63,469","9,261","68,832","112,325","75,504","96,508","70,299","103,735","94,606","96,925","-9,010","96,679","75,898","73,646","81,000","28,206","78,156","68,562","50,458","58,907","60,525","57,518","65,187","57,673","59,068","54,460","52,403","51,820","58,989","51,368","48,644","48,259","51,199","49,762","45,453","47,049","46,541","44,693",Upgrade
Selling & Marketing,"5,602","7,425","4,068","3,762","4,251","4,999","4,889","5,045","3,910","5,505","5,181","4,652","4,471","5,677","4,384","4,829","4,432","4,531","4,548","4,668","4,491","4,638","4,496","4,489","4,558","5,169","4,424","4,509","4,115","3,956","4,130","3,780","3,443","3,732","3,384","3,389","3,265","3,228","2,909","2,926",Upgrade
General & Administrative,"1,477","1,402","1,418","1,498","1,232","1,221","1,116",982,882,915,854,749,"1,002",973,"1,010","1,000","1,020",0,0,0,0,0,0,0,0,0,0,0,0,0,0,0,0,0,0,0,0,0,0,0,Upgrade
Other Operating Expenses,0,"139,033",0,0,0,0,0,0,0,0,0,0,0,0,0,0,0,0,0,0,0,0,0,0,0,0,0,0,0,0,0,0,0,0,0,0,0,0,0,0,Upgrade
Operating Expenses,0,"142,310",0,0,0,0,0,0,0,0,0,0,0,0,0,0,0,0,0,0,0,0,0,0,0,0,0,0,0,0,0,0,0,0,0,0,0,0,0,0,Upgrade
Operating Income,"45,717","23,193","-3,125","-54,774","7,721","49,691",0,0,0,0,0,0,0,0,0,0,0,0,0,0,0,0,0,0,0,0,0,0,0,0,0,0,0,0,0,0,0,0,0,0,Upgrade
Interest Income,"3,229","3,162","2,378","2,861","1,862","1,921","1,795","1,898","1,851","1,949","1,717","2,150","2,276","2,345","2,483","2,295","2,117","2,095","1,993","1,908","1,682","1,704","1,680","1,686","1,512",787,"1,642","2,028","1,723","1,910","1,461","1,739","1,635","1,550","1,503","1,912","1,493","1,644","1,460","1,952",Upgrade
Interest Expense,"1,218","1,139","1,092","1,087","1,034",990,"1,056","1,076","1,050","1,057","1,000","1,002","1,024",993,985,992,991,"1,244",896,521,"1,192","1,594","1,233","1,500","1,067",554,"1,043",727,"1,173",808,865,967,875,830,817,824,782,718,706,691,Upgrade
Other Expense / Income,"3,229","3,162","2,278","2,482","1,862","1,669","-11,445","-34,568","-13,598","-44,216","-36,937","-34,149","64,350","-35,378","-18,858","-16,356","-26,450","33,573","-21,883","-13,645","2,080","-6,176","-5,047","-5,850","-5,164","-9,012","-9,791","-5,990","-5,838","-6,210","-13,377","-4,980","-6,818","-5,058","-5,960","-7,765","-5,819","-6,233","-6,524","-5,559",Upgrade
Pretax Income,"44,752","22,211","-4,117","-55,482","6,812","48,953","12,484","35,721","14,528","45,403","37,930","35,409","-63,049","36,801","20,489","17,759","27,647","-32,721","23,147","15,098","-1,523","6,391","5,630","6,129","5,688","9,314","10,525","7,372","6,456","7,381","14,072","5,846","7,647","5,841","6,750","8,916","6,598","7,232","7,378","6,891",Upgrade
Income Tax,"8,995","3,890","-1,529","-12,106","1,227","9,055","1,840","7,296","2,688","9,273","7,517","9,002","-13,352","7,571","3,832","3,586","5,915","-7,330","4,440","3,021",-452,"-26,265","1,427","1,774","1,549","2,959","3,192","2,290",799,"1,834","4,545","1,739","2,414","1,623","2,029","2,458","1,825","2,169","2,225","2,279",Upgrade
Net Income,"35,504","18,164","-2,588","-43,376","5,460","39,898","10,344","28,094","11,711","35,835","30,137","26,295","-49,746","29,159","16,524","14,073","21,661","-25,392","18,540","12,011","-1,138","32,551","4,067","4,262","4,060","6,286","7,198","5,001","5,589","5,478","9,428","4,013","5,164","4,155","4,617","6,395","4,705","4,990","5,053","4,541",Upgrade
Net Income Growth,550.26%,-54.47%,-,-,-53.38%,11.34%,-65.68%,6.84%,-,22.90%,82.38%,86.85%,-,-,-10.87%,17.17%,-,-,355.86%,181.82%,-,417.83%,-43.50%,-14.78%,-27.36%,14.75%,-23.65%,24.62%,8.23%,31.84%,104.20%,-37.25%,9.76%,-16.73%,-8.63%,40.83%,-3.82%,9.65%,28.90%,46.11%,Upgrade
Shares Outstanding (Basic),"2,185","2,265","2,200","2,206","2,212","2,255","2,255","2,279","2,300","2,300","2,380","2,418","2,434","2,434","2,450","2,452","2,460","2,460","2,465","2,468","2,467","2,467","2,467","2,467","2,467","2,467","2,466","2,466","2,465","2,465","2,465","2,465","2,464","2,464","2,464","2,467","2,466","2,466","2,466","2,465",Upgrade
Shares Outstanding (Diluted),"2,185","2,265","2,200","2,206","2,212","2,255","2,255","2,279","2,300","2,300","2,380","2,418","2,434","2,434","2,450","2,452","2,460","2,460","2,465","2,468","2,467","2,467","2,467","2,467","2,467","2,467","2,466","2,466","2,465","2,465","2,465","2,465","2,464","2,464","2,464","2,467","2,466","2,466","2,466","2,465",Upgrade
Shares Change,-1.24%,0.48%,-2.40%,-3.22%,-3.82%,-1.97%,-5.27%,-5.72%,-5.52%,-5.52%,-2.84%,-1.42%,-1.03%,-1.03%,-0.64%,-0.61%,-0.31%,-0.31%,-0.07%,0.03%,0.03%,0.03%,0.05%,0.05%,0.06%,0.06%,0.04%,0.04%,0.03%,0.03%,0.05%,-0.08%,-0.07%,-0.07%,-0.07%,0.05%,0.05%,0.05%,-0.51%,-0.48%,Upgrade
EPS (Basic),16.25,8.02,-1.18,-19.66,2.47,17.70,4.59,12.33,5.09,15.58,12.66,10.88,-20.44,11.98,6.75,5.74,8.81,-10.32,7.52,4.87,-0.46,13.19,1.65,1.73,1.65,2.55,2.92,2.03,2.27,2.22,3.82,1.63,2.10,1.69,1.87,2.59,1.91,2.02,2.05,1.84,Upgrade
EPS (Diluted),16.25,8.02,-1.18,-19.66,2.47,17.70,4.59,12.33,5.09,15.58,12.66,10.88,-20.44,11.98,6.75,5.74,8.81,-10.32,7.52,4.87,-0.46,13.19,1.65,1.73,1.65,2.55,2.92,2.03,2.27,2.22,3.82,1.63,2.10,1.69,1.87,2.59,1.91,2.02,2.05,1.84,Upgrade
EPS Growth,557.89%,-54.69%,-,-,-51.49%,13.61%,-63.77%,13.33%,-,30.05%,87.71%,89.52%,-,-,-10.29%,17.90%,-,-,356.13%,181.67%,-,417.25%,-43.53%,-14.79%,-27.40%,14.86%,-23.67%,24.57%,8.21%,31.36%,104.09%,-37.21%,9.82%,-16.34%,-8.56%,40.75%,-3.86%,9.19%,29.54%,46.81%,Upgrade
Free Cash Flow Per Share,2.49,3.45,2.17,1.69,1.67,3.76,3.12,2.95,3.07,3.54,3.08,1.57,2.97,2.23,2.28,1.80,2.58,2.74,1.94,2.01,2.02,3.08,2.24,6.47,1.56,2.67,1.84,1.88,1.24,2.13,1.86,1.02,1.15,3.35,1.46,0.87,1.46,1.97,1.75,1.56,Upgrade
Gross Margin,100.00%,-34.21%,100.00%,100.00%,100.00%,100.00%,100.00%,100.00%,100.00%,100.00%,100.00%,100.00%,-,100.00%,100.00%,100.00%,100.00%,100.00%,100.00%,100.00%,100.00%,100.00%,100.00%,100.00%,100.00%,100.00%,100.00%,100.00%,100.00%,100.00%,100.00%,100.00%,100.00%,100.00%,100.00%,100.00%,100.00%,100.00%,100.00%,100.00%,Upgrade
Operating Margin,38.05%,25.04%,-4.92%,-591.45%,11.22%,44.24%,-,-,-,-,-,-,-,-,-,-,-,-,-,-,-,-,-,-,-,-,-,-,-,-,-,-,-,-,-,-,-,-,-,-,Upgrade
Profit Margin,29.55%,19.61%,-4.08%,-468.37%,7.93%,35.52%,13.70%,29.11%,16.66%,34.54%,31.86%,27.13%,-,30.16%,21.77%,19.11%,26.74%,-90.02%,23.72%,17.52%,-2.26%,55.26%,6.72%,7.41%,6.23%,10.90%,12.19%,9.18%,10.67%,10.57%,15.98%,7.81%,10.62%,8.61%,9.02%,12.85%,10.35%,10.61%,10.86%,10.16%,Upgrade
Free Cash Flow Margin,4.14%,6.09%,11.96%,51.71%,5.43%,3.35%,11.24%,7.37%,9.65%,6.80%,8.91%,7.69%,-,7.49%,7.19%,7.59%,5.46%,22.51%,8.64%,6.99%,9.84%,8.46%,12.57%,9.61%,24.47%,6.66%,11.13%,8.32%,8.85%,5.90%,8.89%,8.94%,5.17%,5.88%,16.10%,7.25%,4.69%,7.67%,10.44%,9.63%,Upgrade
Effective Tax Rate,20.10%,17.51%,-,-,18.01%,18.50%,14.74%,20.42%,18.50%,20.42%,19.82%,25.42%,-,20.57%,18.70%,20.19%,21.39%,-,19.18%,20.01%,-,-410.97%,25.35%,28.94%,27.23%,31.77%,30.33%,31.06%,12.38%,24.85%,32.30%,29.75%,31.57%,27.79%,30.06%,27.57%,27.66%,29.99%,30.16%,33.07%,Upgrade
EBITDA,"48,768","25,951",-397,"-52,064","10,424","52,396","15,908","39,138","18,122","49,069","41,237","38,823","-59,489","40,380","23,875","21,107","30,984","-28,868","26,271","17,940","1,989","10,233","9,023","9,832","8,919","12,095","13,679","10,252","9,686","10,098","16,827","8,660","10,324","8,542","9,317","11,487","9,084","10,349","9,338","8,856",Upgrade
EBITDA Margin,40.59%,28.02%,-0.63%,-562.19%,15.14%,46.65%,21.07%,40.55%,25.78%,47.30%,43.59%,40.05%,-,41.77%,31.46%,28.66%,38.25%,-102.35%,33.61%,26.17%,3.94%,17.37%,14.91%,17.09%,13.68%,20.97%,23.16%,18.82%,18.48%,19.49%,28.53%,16.86%,21.22%,17.70%,18.20%,23.08%,19.99%,22.00%,20.06%,19.82%,Upgrade
Depreciation & Amortization,"3,051","2,758","2,728","2,710","2,703","2,705","2,668","2,672","2,673","2,904","2,583","2,524","2,585","2,657","2,534","2,456","2,417","2,610","2,395","2,387","2,387","2,353","2,296","2,296","2,243","2,296","2,246","2,234","2,125","1,978","1,989","1,941","1,871","1,934","1,854","1,810","1,772","2,472","1,354","1,345",Upgrade
EBIT,"45,717","23,193","-3,125","-54,774","7,721","49,691","13,240","36,466","15,449","46,165","38,654","36,299","-62,074","37,723","21,341","18,651","28,567","-31,478","23,876","15,553",-398,"7,880","6,727","7,536","6,676","9,799","11,433","8,018","7,561","8,120","14,838","6,719","8,453","6,608","7,463","9,677","7,312","7,877","7,984","7,511",Upgrade
EBIT Margin,38.05%,25.04%,-4.92%,-591.45%,11.22%,44.24%,17.54%,37.79%,21.98%,44.50%,40.86%,37.45%,-,39.02%,28.12%,25.33%,35.27%,-111.60%,30.55%,22.68%,-0.79%,13.38%,11.11%,13.10%,10.24%,16.99%,19.36%,14.72%,14.43%,15.67%,25.15%,13.08%,17.38%,13.69%,14.58%,19.45%,16.09%,16.74%,17.15%,16.81%,Upgrade
