Metrics,2023-03-31,2022-12-31,2022-09-30,2022-06-30,2022-03-31,2021-12-31,2021-09-30,2021-06-30,2021-03-31,2020-12-31,2020-09-30,2020-06-30,2020-03-31,2019-12-31,2019-09-30,2019-06-30,2019-03-31,2018-12-31,2018-09-30,2018-06-30,2018-03-31,2017-12-31,2017-09-30,2017-06-30,2017-03-31,2016-12-31,2016-09-30,2016-06-30,2016-03-31,2015-12-31,2015-09-30,2015-06-30,2015-03-31,2014-12-31,2014-09-30,2014-06-30,2014-03-31,2013-12-31,2013-09-30,2013-06-30,+29 Quarters
Revenue,"1,381.85","1,704.06","1,058.11",629.22,"5,126.28","5,762.66","6,224.27","5,291.35","5,298.87","3,628.92","3,032.9","2,516.07","-3,075.96","2,091.48","1,735.11","1,486.81","2,024.87",504.98,"1,926.58","2,632.57","1,769.13","1,959.21","1,735.36","1,535.73","1,914.72","1,589.83","1,431.69","1,192.43",932.35,897.42,11.57,"1,225.2","2,512.36","2,020.77","1,679.43","2,257.86","1,526.67","2,709.38","1,216.85","1,440.47",Upgrade
Revenue Growth (YoY),-73.04%,-70.43%,-83.00%,-88.11%,-3.26%,58.80%,105.23%,110.30%,-,73.51%,74.80%,69.23%,-,314.17%,-9.94%,-43.52%,14.46%,-74.23%,11.02%,71.42%,-7.60%,23.23%,21.21%,28.79%,105.36%,77.16%,12270.91%,-2.68%,-62.89%,-55.59%,-99.31%,-45.74%,64.56%,-25.42%,38.01%,56.74%,22.48%,122.61%,-0.51%,129.67%,Upgrade
Gross Profit,"1,381.85","1,704.06","1,058.11",629.22,"5,126.28","5,762.66","6,224.27","5,291.35","5,298.87","3,628.92","3,032.9","2,516.07","-3,075.96","2,091.48","1,735.11","1,486.81","2,024.87",504.98,"1,926.58","2,632.57","1,769.13","1,959.21","1,735.36","1,535.73","1,914.72","1,589.83","1,431.69","1,192.43",932.35,897.42,11.57,"1,225.2","2,512.36","2,020.77","1,679.43","2,257.86","1,526.67","2,709.38","1,216.85","1,440.47",Upgrade
"Selling, General & Admin","1,036.51",951.67,875.34,670.04,"2,128.08","2,438.97","2,600.69","2,224.23","2,004.08","1,564.51","1,291.03","1,129.32",-684.32,"1,048.11",889.82,813.06,996.28,446.88,973.98,959.44,889.28,937.6,836.62,790.44,857.45,780.98,721.37,667.13,575.13,515.35,421.84,835.32,"1,094.35",777.43,"1,013.27","1,054.93",858.2,"1,294.84",753.46,883.18,Upgrade
Other Operating Expenses,48.4,18.53,5.52,4.44,2.19,2.96,1.26,3.77,2.38,1.9,2.27,4.08,4.61,5.23,4.04,5.59,2.89,3.58,2.3,17.62,54.99,32.69,26.35,49.67,24.08,23.23,15.13,8.59,5.23,2.65,18.3,41.7,16.85,10.26,10.25,5,4.99,7.94,6.68,4.63,Upgrade
Operating Expenses,"1,084.9",970.2,880.85,674.47,"2,130.28","2,441.93","2,601.95","2,228.01","2,006.46","1,566.41","1,293.31","1,133.41",-679.72,"1,053.34",893.86,818.64,999.16,450.45,976.28,977.06,944.26,970.3,862.97,840.1,881.53,804.21,736.5,675.73,580.35,518,440.14,877.02,"1,111.2",787.69,"1,023.52","1,059.93",863.18,"1,302.79",760.14,887.81,Upgrade
Operating Income,296.94,733.86,177.26,-45.25,"2,996.01","3,320.73","3,622.32","3,063.35","3,292.41","2,062.51","1,739.59","1,382.66","-2,396.25","1,038.14",841.26,668.16,"1,025.71",54.53,950.3,"1,655.51",824.87,988.92,872.39,695.62,"1,033.19",785.62,695.19,516.7,352,379.42,-428.56,348.18,"1,401.16","1,233.08",655.9,"1,197.93",663.48,"1,406.6",456.71,552.66,Upgrade
Interest Expense / Income,104.44,100.33,80.51,69.64,66.75,56.55,52.41,44.32,44.98,45.7,39.54,39.28,41.64,60.69,53.36,43.6,42,44.64,41.36,39.32,38.67,74.61,41.55,41.09,40.25,41.14,37.28,36.88,37.36,38.88,36.86,37.41,31.37,35.4,31.62,29.85,24.67,27.69,26.27,26.96,Upgrade
Other Expense / Income,59.01,216.82,0.23,-122.01,"1,229.1","1,428","1,709.11","1,421.62","1,500","1,001.6",804.37,627.71,"-1,212.69",465.36,165.24,280.04,461.25,-8.62,439.41,735.42,363.83,13.58,393.42,287.52,483.6,328.66,317.29,233.78,145.75,93.44,-212.3,133.35,641,571.55,294.68,567.78,319.1,666.56,201.8,258.48,Upgrade
Pretax Income,133.49,416.71,96.53,7.12,"1,700.16","1,836.17","1,860.8","1,597.4","1,747.43","1,015.21",895.68,715.68,"-1,225.2",512.09,622.65,344.53,522.46,18.5,469.54,880.77,422.37,900.73,437.43,367.02,509.35,415.82,340.62,246.04,168.9,247.1,-253.12,177.42,728.79,626.14,329.61,600.3,319.71,712.35,228.64,267.23,Upgrade
Income Tax,47.68,-141.15,94.23,36.51,483.28,437.69,458.9,288.25,-0.45,266.34,100.96,147.42,-158.7,28.94,-156.79,38.74,41.16,29.37,26.8,138.73,54.5,596.59,59.51,29.61,57.44,48.09,27.71,47.42,9.15,46.23,1.57,43.25,99.34,74.69,79.11,83.28,54.1,91.09,57.48,56.08,Upgrade
Net Income,85.81,557.85,2.3,-29.39,"1,216.87","1,398.48","1,401.9","1,309.15","1,747.87",748.87,794.72,568.27,"-1,066.49",483.15,779.44,305.79,481.3,-10.87,442.74,742.04,367.87,304.14,377.92,337.41,451.91,367.73,312.91,198.63,159.75,200.87,-254.7,134.17,629.45,551.45,250.51,517.02,265.62,621.26,171.16,211.15,Upgrade
Net Income Growth,-92.95%,-60.11%,-99.84%,-,-30.38%,86.75%,76.40%,130.38%,-,55.00%,1.96%,85.83%,-,-,76.05%,-58.79%,30.83%,-,17.15%,119.92%,-18.60%,-17.29%,20.78%,69.87%,182.88%,83.07%,-,48.04%,-74.62%,-63.57%,-,-74.05%,136.98%,-11.24%,46.35%,144.86%,58.45%,483.81%,32.87%,-,Upgrade
Shares Outstanding (Basic),746,743,742,707,734,727,722,721,709,703,700,699,676,679,676,674,675,677,682,682,674,669,667,665,661,655,651,647,645,641,639,632,625,615,612,607,602,592,590,584,Upgrade
Shares Outstanding (Diluted),747,743,742,707,735,727,722,721,710,703,701,"1,204",676,680,676,674,"1,200","1,201","1,206",682,"1,211",666,"1,201","1,200","1,200","1,196","1,196","1,194","1,194","1,188",639,634,631,622,615,610,606,597,593,587,Upgrade
Shares Change,1.59%,2.23%,2.78%,-1.92%,3.53%,3.37%,3.13%,-40.11%,4.97%,3.43%,3.59%,78.70%,-43.66%,-43.38%,-43.92%,-1.18%,-0.83%,80.19%,0.45%,-43.17%,0.92%,-44.29%,0.39%,0.46%,0.44%,0.66%,87.19%,88.35%,89.20%,91.00%,3.88%,3.98%,4.22%,4.24%,3.72%,3.94%,3.41%,7.21%,8.41%,10.97%,Upgrade
EPS (Basic),0.12,0.75,-,-0.04,1.66,1.93,1.94,1.82,2.47,1.07,1.14,0.81,-1.58,0.71,1.15,0.45,0.71,-0.01,0.65,1.09,0.55,0.45,0.57,0.51,0.68,0.56,0.48,0.31,0.25,0.31,-0.40,0.21,1.01,0.90,0.41,0.85,0.44,1.06,0.29,0.36,Upgrade
EPS (Diluted),0.11,0.75,-,-0.04,1.66,1.92,1.94,1.82,2.46,1.07,1.13,0.81,-1.58,0.71,1.15,0.45,0.71,-0.01,0.64,1.09,0.53,0.48,0.55,0.50,0.68,0.55,0.47,0.30,0.23,0.24,-0.40,0.21,1.00,0.89,0.41,0.85,0.44,1.05,0.29,0.36,Upgrade
EPS Growth,-93.37%,-60.94%,-,-,-32.52%,79.44%,71.68%,124.69%,-,50.70%,-1.74%,80.00%,-,-,79.69%,-58.72%,33.96%,-,16.36%,118.00%,-22.06%,-12.73%,17.02%,66.67%,195.65%,129.17%,-,42.86%,-77.00%,-73.03%,-,-75.29%,127.27%,-15.24%,41.38%,136.11%,51.72%,425.00%,20.83%,-,Upgrade
Free Cash Flow Per Share,0.38,0.90,1.21,2.61,3.67,-1.15,2.21,1.23,3.21,0.38,0.13,0.69,1.46,0.85,1.57,0.22,0.17,2.03,1.94,-1.31,-2.63,-0.60,-1.22,-1.47,0.82,-1.15,0.64,0.03,0.33,1.58,-0.41,1.75,0.76,-0.69,0.35,1.41,1.62,1.36,2.35,0.39,Upgrade
Dividend Per Share,-,0.900,1.270,1.320,1.450,1.090,0.700,0.820,0.960,0.540,0.370,0.390,0.610,0.490,0.480,0.370,0.580,0.640,0.580,0.350,0.850,0.440,0.540,0.870,0.470,0.410,0.360,0.280,0.610,0.490,0.740,0.890,0.780,0.440,0.550,0.350,0.580,0.230,0.230,0.300,Upgrade
Dividend Growth,-,-17.43%,81.43%,60.98%,51.04%,101.85%,89.19%,110.26%,57.38%,10.20%,-22.92%,5.41%,5.17%,-23.44%,-17.24%,5.71%,-31.76%,45.45%,7.41%,-59.77%,80.85%,7.32%,50.00%,210.71%,-22.95%,-16.33%,-51.35%,-68.54%,-21.79%,11.36%,34.55%,154.29%,34.48%,91.30%,139.13%,16.67%,38.10%,130.00%,130.00%,200.00%,Upgrade
Gross Margin,100.00%,100.00%,100.00%,100.00%,100.00%,100.00%,100.00%,100.00%,100.00%,100.00%,100.00%,100.00%,-,100.00%,100.00%,100.00%,100.00%,100.00%,100.00%,100.00%,100.00%,100.00%,100.00%,100.00%,100.00%,100.00%,100.00%,100.00%,100.00%,100.00%,100.00%,100.00%,100.00%,100.00%,100.00%,100.00%,100.00%,100.00%,100.00%,100.00%,Upgrade
Operating Margin,21.49%,43.07%,16.75%,-7.19%,58.44%,57.62%,58.20%,57.89%,62.13%,56.84%,57.36%,54.95%,-,49.64%,48.48%,44.94%,50.66%,10.80%,49.33%,62.89%,46.63%,50.48%,50.27%,45.30%,53.96%,49.42%,48.56%,43.33%,37.75%,42.28%,-3703.14%,28.42%,55.77%,61.02%,39.06%,53.06%,43.46%,51.92%,37.53%,38.37%,Upgrade
Profit Margin,6.21%,32.74%,0.22%,-4.67%,23.74%,24.27%,22.52%,24.74%,32.99%,20.64%,26.20%,22.59%,-,23.10%,44.92%,20.57%,23.77%,-2.15%,22.98%,28.19%,20.79%,15.52%,21.78%,21.97%,23.60%,23.13%,21.86%,16.66%,17.13%,22.38%,-2200.79%,10.95%,25.05%,27.29%,14.92%,22.90%,17.40%,22.93%,14.07%,14.66%,Upgrade
Free Cash Flow Margin,20.49%,39.11%,84.82%,293.13%,52.52%,-14.47%,25.61%,16.74%,42.95%,7.42%,2.96%,19.01%,-,27.67%,61.25%,10.07%,5.52%,272.47%,68.57%,-34.00%,-100.30%,-20.39%,-46.99%,-63.70%,28.33%,-47.44%,28.85%,1.72%,22.55%,112.90%,-2240.07%,90.42%,18.95%,-20.86%,12.89%,37.90%,63.81%,29.83%,114.08%,15.89%,Upgrade
Effective Tax Rate,35.72%,-33.87%,97.62%,512.77%,28.43%,23.84%,24.66%,18.04%,-0.03%,26.24%,11.27%,20.60%,-,5.65%,-25.18%,11.24%,7.88%,158.75%,5.71%,15.75%,12.90%,66.23%,13.60%,8.07%,11.28%,11.56%,8.14%,19.27%,5.42%,18.71%,-,24.38%,13.63%,11.93%,24.00%,13.87%,16.92%,12.79%,25.14%,20.99%,Upgrade
EBITDA,250.92,531.85,191.93,95.46,"1,785.6","1,911.42","1,931.91","1,660.42","1,811.19","1,078.72",952.97,772.71,"-1,165.8",590.53,693.76,405.87,582.21,78.7,525.37,934.59,475.53,989.22,489.94,419.07,560.56,472.57,399.57,305.75,229.08,309.47,-186.74,238.46,784.96,686.54,386.31,655.71,370.64,766.43,279.69,315.77,Upgrade
EBITDA Margin,18.16%,31.21%,18.14%,15.17%,34.83%,33.17%,31.04%,31.38%,34.18%,29.73%,31.42%,30.71%,-,28.23%,39.98%,27.30%,28.75%,15.59%,27.27%,35.50%,26.88%,50.49%,28.23%,27.29%,29.28%,29.72%,27.91%,25.64%,24.57%,34.48%,-1613.57%,19.46%,31.24%,33.97%,23.00%,29.04%,24.28%,28.29%,22.99%,21.92%,Upgrade
Depreciation & Amortization,13,14.81,14.89,18.7,18.7,18.7,18.7,18.7,18.78,17.8,17.75,17.75,17.75,17.75,17.75,17.75,17.75,15.56,14.48,14.49,14.49,13.89,10.96,10.96,10.96,15.62,21.67,22.83,22.83,23.49,29.53,23.62,24.8,25.01,25.09,25.57,26.26,26.4,24.78,21.58,Upgrade
EBIT,237.93,517.04,177.03,76.76,"1,766.9","1,892.72","1,913.21","1,641.72","1,792.41","1,060.91",935.22,754.96,"-1,183.55",572.78,676.01,388.12,564.46,63.14,510.9,920.09,461.04,975.33,478.98,408.1,549.59,456.96,377.9,282.92,206.26,285.98,-216.26,214.83,760.16,661.53,361.23,630.15,344.38,740.03,254.91,294.19,Upgrade
EBIT Margin,17.22%,30.34%,16.73%,12.20%,34.47%,32.84%,30.74%,31.03%,33.83%,29.23%,30.84%,30.01%,-,27.39%,38.96%,26.10%,27.88%,12.50%,26.52%,34.95%,26.06%,49.78%,27.60%,26.57%,28.70%,28.74%,26.40%,23.73%,22.12%,31.87%,-1868.69%,17.53%,30.26%,32.74%,21.51%,27.91%,22.56%,27.31%,20.95%,20.42%,Upgrade
