Metrics,2023-03-31,2022-12-31,2022-09-30,2022-06-30,2022-03-31,2021-12-31,2021-09-30,2021-06-30,2021-03-31,2020-12-31,2020-09-30,2020-06-30,2020-03-31,2019-12-31,2019-09-30,2019-06-30,2019-03-31,2018-12-31,2018-09-30,2018-06-30,2018-03-31,2017-12-31,2017-09-30,2017-06-30,2017-03-31,2016-12-31,2016-09-30,2016-06-30,2016-03-31,2015-12-31,2015-09-30,2015-06-30,2015-03-31,2014-12-31,2014-09-30,2014-06-30,2014-03-31,2013-12-31,2013-09-30,2013-06-30,+28 Quarters
Revenue,"2,651","2,849","2,706","2,675","2,748","2,673","2,592","3,444","3,160","2,293","1,964",616,"1,081","2,108","2,101","2,065","1,954","2,007","1,982","1,861","1,824","1,935","1,851","1,779","1,753","1,780","1,856","1,804","1,800","1,721","1,856","1,869","1,781","1,580","1,836","1,812","1,806","1,775","1,729","1,801",Upgrade
Revenue Growth (YoY),-3.53%,6.58%,4.40%,-22.33%,-13.04%,16.57%,31.98%,459.09%,192.32%,8.78%,-6.52%,-70.17%,-44.68%,5.03%,6.00%,10.96%,7.13%,3.72%,7.08%,4.61%,4.05%,8.71%,-0.27%,-1.39%,-2.61%,3.43%,0%,-3.48%,1.07%,8.92%,1.09%,3.15%,-1.38%,-10.99%,6.19%,0.61%,-1.47%,6.90%,-7.49%,12.28%,Upgrade
Gross Profit,"2,651","2,849","2,706","2,675","2,748","2,673","2,592","3,444","3,160","2,293","1,964",616,"1,081","2,108","2,101","2,065","1,954","2,007","1,982","1,861","1,824","1,935","1,851","1,779","1,753","1,780","1,856","1,804","1,800","1,721","1,856","1,869","1,781","1,580","1,836","1,812","1,806","1,775","1,729","1,801",Upgrade
"Selling, General & Admin","1,383","1,495","1,388","1,223","1,130","1,312","1,190","1,222","1,081","1,278","1,005","1,077","1,159","1,184","1,107","1,078","1,024","1,110","1,015",984,968,"1,036",948,912,885,897,895,906,886,933,882,927,873,932,827,797,784,838,783,820,Upgrade
Operating Expenses,"1,383","1,495","1,388","1,223","1,130","1,312","1,190","1,222","1,081","1,278","1,005","1,077","1,159","1,184","1,107","1,078","1,024","1,110","1,015",984,968,"1,036",948,912,885,897,895,906,886,933,882,927,873,932,827,797,784,838,783,820,Upgrade
Operating Income,"1,268","1,354","1,318","1,452","1,618","1,361","1,402","2,222","2,079","1,015",959,-461,-78,924,994,987,930,897,967,877,856,899,903,867,868,883,961,898,914,788,974,942,908,648,"1,009","1,015","1,022",937,946,981,Upgrade
Other Expense / Income,37,6,39,6,37,5,36,10,47,4,20,1,17,3,21,6,21,6,21,6,20,28,13,14,13,13,14,14,13,12,13,13,13,12,14,14,13,14,14,14,Upgrade
Pretax Income,"1,231","1,348","1,279","1,446","1,581","1,356","1,366","2,212","2,032","1,011",939,-462,-95,921,973,981,909,891,946,871,836,871,890,853,855,870,947,884,901,776,961,929,895,636,995,"1,001","1,009",923,932,967,Upgrade
Income Tax,292,321,312,341,376,294,311,524,486,216,188,-93,-17,216,224,234,204,210,247,208,190,512,301,321,304,320,322,282,339,288,362,343,322,244,365,371,391,335,353,379,Upgrade
Net Income,939,"1,027",967,"1,105","1,205","1,062","1,055","1,688","1,546",795,751,-369,-78,705,749,747,705,681,699,663,646,359,589,532,551,550,625,602,562,488,599,586,573,392,630,630,618,588,579,588,Upgrade
Net Income Growth,-22.07%,-3.30%,-8.34%,-34.54%,-22.06%,33.58%,40.48%,-,-,12.77%,0.27%,-,-,3.52%,7.15%,12.67%,9.13%,89.69%,18.68%,24.62%,17.24%,-34.73%,-5.76%,-11.63%,-1.96%,12.70%,4.34%,2.73%,-1.92%,24.49%,-4.92%,-6.98%,-7.28%,-33.33%,8.81%,7.14%,-6.22%,8.64%,-8.24%,13.08%,Upgrade
Shares Outstanding (Basic),262,273,273,281,285,293,299,305,307,306,306,306,308,313,318,324,328,336,343,349,355,363,372,380,386,394,404,412,414,427,435,443,447,453,462,466,471,477,484,490,Upgrade
Shares Change,-8.06%,-6.77%,-8.78%,-7.85%,-7.10%,-4.38%,-2.27%,-0.46%,-0.53%,-2.22%,-3.71%,-5.38%,-6.11%,-6.70%,-7.13%,-7.23%,-7.43%,-7.54%,-7.97%,-8.21%,-7.98%,-7.86%,-7.75%,-7.77%,-6.92%,-7.74%,-7.28%,-6.84%,-7.39%,-5.73%,-5.76%,-5.10%,-5.02%,-4.90%,-4.52%,-4.92%,-5.35%,-5.53%,-6.04%,-4.76%,Upgrade
EPS (Basic),3.58,3.78,3.54,3.96,4.23,3.68,3.54,5.56,5.04,2.60,2.45,-1.20,-0.25,2.26,2.36,2.32,2.15,2.04,2.05,1.91,1.82,1.01,1.59,1.41,1.43,1.40,1.56,1.47,1.35,1.15,1.38,1.33,1.28,0.88,1.37,1.35,1.31,1.24,1.20,1.20,Upgrade
EPS (Diluted),3.58,3.77,3.54,3.96,4.22,3.67,3.54,5.55,5.04,2.60,2.45,-1.20,-0.25,2.26,2.36,2.32,2.15,2.02,2.05,1.91,1.82,1.00,1.59,1.40,1.43,1.41,1.56,1.47,1.35,1.15,1.38,1.33,1.28,0.88,1.37,1.35,1.31,1.24,1.20,1.20,Upgrade
EPS Growth,-15.17%,2.72%,0%,-28.65%,-16.27%,41.15%,44.49%,-,-,15.04%,3.81%,-,-,11.88%,15.12%,21.47%,18.13%,102.00%,28.93%,36.43%,27.27%,-29.08%,1.92%,-4.76%,5.93%,22.61%,13.04%,10.53%,5.47%,30.68%,0.73%,-1.48%,-2.29%,-29.03%,14.17%,12.50%,-1.50%,15.89%,-3.23%,21.21%,Upgrade
Free Cash Flow Per Share,6.55,7.78,5.64,5.57,5.91,4.42,5.25,4.89,4.78,5.15,4.06,4.87,5.26,4.44,2.38,4.66,6.86,2.04,4.51,4.37,3.33,4.31,4.01,2.53,2.51,3.16,3.15,1.50,2.69,2.33,2.57,1.25,2.29,2.11,2.22,1.31,2.31,1.95,0.80,1.09,Upgrade
Dividend Per Share,0.600,0.600,0.600,0.600,0.500,0.500,0.500,0.440,0.440,0.440,0.440,0.440,0.440,0.440,0.440,0.400,0.400,0.400,0.400,0.350,0.350,0.350,0.350,0.300,0.300,0.300,0.300,0.280,0.280,0.280,0.280,0.280,0.240,0.240,0.240,0.240,0.200,0.200,0.200,0.200,Upgrade
Dividend Growth,20.00%,20.00%,20.00%,36.36%,13.64%,13.64%,13.64%,0%,0%,0%,0%,10.00%,10.00%,10.00%,10.00%,14.29%,14.29%,14.29%,14.29%,16.67%,16.67%,16.67%,16.67%,7.14%,7.14%,7.14%,7.14%,0%,16.67%,16.67%,16.67%,16.67%,20.00%,20.00%,20.00%,20.00%,-,100.00%,100.00%,100.00%,Upgrade
Gross Margin,100.00%,100.00%,100.00%,100.00%,100.00%,100.00%,100.00%,100.00%,100.00%,100.00%,100.00%,100.00%,100.00%,100.00%,100.00%,100.00%,100.00%,100.00%,100.00%,100.00%,100.00%,100.00%,100.00%,100.00%,100.00%,100.00%,100.00%,100.00%,100.00%,100.00%,100.00%,100.00%,100.00%,100.00%,100.00%,100.00%,100.00%,100.00%,100.00%,100.00%,Upgrade
Operating Margin,47.83%,47.53%,48.71%,54.28%,58.88%,50.92%,54.09%,64.52%,65.79%,44.27%,48.83%,-74.84%,-7.22%,43.83%,47.31%,47.80%,47.59%,44.69%,48.79%,47.13%,46.93%,46.46%,48.78%,48.74%,49.52%,49.61%,51.78%,49.78%,50.78%,45.79%,52.48%,50.40%,50.98%,41.01%,54.96%,56.02%,56.59%,52.79%,54.71%,54.47%,Upgrade
Profit Margin,35.42%,36.05%,35.74%,41.31%,43.85%,39.73%,40.70%,49.01%,48.92%,34.67%,38.24%,-59.90%,-7.22%,33.44%,35.65%,36.17%,36.08%,33.93%,35.27%,35.63%,35.42%,18.55%,31.82%,29.90%,31.43%,30.90%,33.67%,33.37%,31.22%,28.36%,32.27%,31.35%,32.17%,24.81%,34.31%,34.77%,34.22%,33.13%,33.49%,32.65%,Upgrade
Free Cash Flow Margin,64.69%,74.62%,56.91%,58.47%,61.24%,48.41%,60.65%,43.32%,46.42%,68.82%,63.29%,242.37%,149.95%,66.03%,36.08%,73.08%,115.30%,34.08%,78.05%,82.00%,64.69%,80.98%,80.71%,54.13%,55.11%,69.94%,68.48%,34.26%,61.78%,57.82%,60.18%,29.59%,57.38%,60.57%,55.88%,33.77%,60.13%,52.28%,22.44%,29.82%,Upgrade
Effective Tax Rate,23.72%,23.81%,24.39%,23.58%,23.78%,21.68%,22.77%,23.69%,23.92%,21.36%,20.02%,-,-,23.45%,23.02%,23.85%,22.44%,23.57%,26.11%,23.88%,22.73%,58.78%,33.82%,37.63%,35.56%,36.78%,34.00%,31.90%,37.62%,37.11%,37.67%,36.92%,35.98%,38.36%,36.68%,37.06%,38.75%,36.29%,37.88%,39.19%,Upgrade
EBITDA,"1,360","1,485","1,424","1,586","1,720","1,500","1,505","2,341","2,151","1,134","1,055",-339,28,"1,042","1,086","1,084","1,008","1,000","1,056",980,943,975,991,948,948,959,"1,033",976,985,876,"1,059","1,027",990,731,"1,088","1,092","1,099","1,174",959,998,Upgrade
EBITDA Margin,51.30%,52.12%,52.62%,59.29%,62.59%,56.12%,58.06%,67.97%,68.07%,49.45%,53.72%,-55.03%,2.59%,49.43%,51.69%,52.49%,51.59%,49.83%,53.28%,52.66%,51.70%,50.39%,53.54%,53.29%,54.08%,53.88%,55.66%,54.10%,54.72%,50.90%,57.06%,54.95%,55.59%,46.27%,59.26%,60.26%,60.85%,66.14%,55.47%,55.41%,Upgrade
Depreciation & Amortization,129,137,145,140,139,144,139,129,119,123,116,123,123,121,113,103,99,109,110,109,107,104,101,95,93,89,86,92,84,100,98,98,95,95,93,91,90,251,27,31,Upgrade
EBIT,"1,231","1,348","1,279","1,446","1,581","1,356","1,366","2,212","2,032","1,011",939,-462,-95,921,973,981,909,891,946,871,836,871,890,853,855,870,947,884,901,776,961,929,895,636,995,"1,001","1,009",923,932,967,Upgrade
EBIT Margin,46.44%,47.31%,47.27%,54.06%,57.53%,50.73%,52.70%,64.23%,64.30%,44.09%,47.81%,-75.00%,-8.79%,43.69%,46.31%,47.51%,46.52%,44.39%,47.73%,46.80%,45.83%,45.01%,48.08%,47.95%,48.77%,48.88%,51.02%,49.00%,50.06%,45.09%,51.78%,49.71%,50.25%,40.25%,54.19%,55.24%,55.87%,52.00%,53.90%,53.69%,Upgrade
