Metrics,2023-03-31,2022-12-31,2022-09-30,2022-06-30,2022-03-31,2021-12-31,2021-09-30,2021-06-30,2021-03-31,2020-12-31,2020-09-30,2020-06-30,2020-03-31,2019-12-31,2019-09-30,2019-06-30,2019-03-31,2018-12-31,2018-09-30,2018-06-30,2018-03-31,2017-12-31,2017-09-30,2017-06-30,2017-03-31,2016-12-31,2016-09-30,2016-06-30,2016-03-31,2015-12-31,2015-09-30,2015-06-30,2015-03-31,2014-12-31,2014-09-30,2014-06-30,2014-03-31,2013-12-31,2013-09-30,2013-06-30,+18 Quarters
Revenue,"1,446.1","1,685","1,824","2,062","2,033.7","2,373","2,556","2,266","2,026","2,150.61","1,913.72","1,608.73","1,412.94","1,728.6","1,671.2","1,498.62","1,303.58","1,417.11","1,542.19","1,491.16","1,297.39","1,481.32","1,519.57","1,454.43","1,317.04","1,504.26","1,508.34","1,361.53","1,201.71","1,356.67","1,383.92","1,323.79","1,111.08","1,255.45","1,259.73","1,149.97","1,012.8","1,219.87","1,300.98","1,288.46",Upgrade
Revenue Growth (YoY),-28.89%,-28.99%,-28.64%,-9.00%,0.38%,10.34%,33.56%,40.86%,43.39%,24.41%,14.51%,7.35%,8.39%,21.98%,8.37%,0.50%,0.48%,-4.33%,1.49%,2.53%,-1.49%,-1.52%,0.74%,6.82%,9.60%,10.88%,8.99%,2.85%,8.16%,8.06%,9.86%,15.12%,9.70%,2.92%,-3.17%,-10.75%,-11.68%,-4.73%,7.66%,18.23%,Upgrade
Cost of Revenue,"1,038.9","1,255","1,426","1,493","1,481.9","1,588","1,535","1,457","1,346","1,378","1,241.91","1,062.57","1,022.52","1,120.64","1,114.19",985.24,905.93,"1,010.76","1,057.66","1,002.14",930.86,"1,028.43","1,062.25",983.17,963.45,"1,035.9","1,070.84",943.75,894.85,993.33,"1,013.4",925.6,810.41,903.76,880.02,820.87,753.07,916.01,933.28,959.56,Upgrade
Gross Profit,407.2,430,398,569,551.8,785,"1,021",809,680,772.61,671.81,546.16,390.43,607.97,557.01,513.38,397.65,406.35,484.53,489.01,366.53,452.89,457.32,471.26,353.59,468.36,437.51,417.78,306.86,363.34,370.51,398.19,300.67,351.69,379.71,329.1,259.73,303.86,367.7,328.91,Upgrade
Other Operating Expenses,318.5,342,377,409,402.3,432,398,394,357,375.12,412.46,307.42,306,307.53,299.46,271.97,244.04,276.45,278.17,277.04,264.24,284.38,430.25,278.12,261,378.12,262.74,256.38,223.47,239.23,247.83,249.3,234.48,222.55,259.09,248.16,220.63,214.92,256.62,265.75,Upgrade
Operating Expenses,318.5,342,377,409,402.3,432,398,394,357,375.12,412.46,307.42,306,307.53,299.46,271.97,244.04,276.45,278.17,277.04,264.24,284.38,430.25,278.12,261,378.12,262.74,256.38,223.47,239.23,247.83,249.3,234.48,222.55,259.09,248.16,220.63,214.92,256.62,265.75,Upgrade
Operating Income,88.7,88,21,160,149.5,353,623,415,323,397.49,259.35,238.74,84.42,300.44,257.55,241.41,153.61,129.9,206.36,211.97,102.29,168.51,27.07,193.14,92.6,90.24,174.77,161.4,83.39,124.11,122.68,148.89,66.19,129.14,120.62,80.94,39.1,88.94,111.08,63.16,Upgrade
Interest Expense / Income,29.1,30,24,19,19.7,20,19,16,17,15.48,15.98,13.44,12.1,11.94,12.21,11.91,11.94,10.98,10.77,10,9.22,9.18,9.11,8.99,8.72,8.79,7.84,7.79,7.8,7.31,7.29,7.27,7.24,6.24,4.67,4.49,3.85,4.09,4.03,3.93,Upgrade
Other Expense / Income,0.1,-,1,1,0.2,1,5,2,-,1.01,1.31,1.04,0.64,1.17,0.99,0.62,0.23,1.53,-0.02,-0.05,-0.06,-0.41,-0.2,-0.36,-0.21,-0.06,0.07,0.3,0.17,0.17,0.22,0.23,0.16,0.23,0.23,0.09,0.13,0.16,0.21,0.28,Upgrade
Pretax Income,59.5,58,-4,140,129.6,332,599,397,306,381,242.06,224.26,71.68,287.33,244.35,228.88,141.44,117.39,195.61,202.02,93.12,159.75,18.16,184.52,84.09,81.51,166.86,153.31,75.42,116.63,115.18,141.39,58.78,122.67,115.72,76.36,35.13,84.69,106.84,58.95,Upgrade
Income Tax,13.6,4,-6,31,31.7,72,154,95,72,101.14,59.78,53.6,8.48,63.74,57.17,42.23,31.87,25.74,44.13,46.88,16.89,-61.38,-3.22,62.26,25.81,0.49,59.54,51.16,22.92,35.06,39.64,48.04,21.15,42.16,35.02,25.77,13.4,33.06,42.95,24.28,Upgrade
Net Income,45.9,54,2,109,97.9,260,445,302,234,279.86,182.28,170.66,63.2,223.59,187.18,186.66,109.58,91.65,151.48,155.14,76.23,221.13,21.38,122.26,58.28,81.02,107.32,102.15,52.5,81.57,75.54,93.35,37.63,80.51,80.71,50.59,21.72,51.63,63.89,34.67,Upgrade
Net Income Growth,-53.12%,-79.23%,-99.55%,-63.91%,-58.16%,-7.10%,144.13%,76.97%,270.23%,25.17%,-2.62%,-8.57%,-42.32%,143.96%,23.57%,20.31%,43.75%,-58.55%,608.41%,26.90%,30.79%,172.92%,-80.08%,19.68%,11.01%,-0.67%,42.07%,9.43%,39.51%,1.31%,-6.40%,84.50%,73.23%,55.95%,26.32%,45.92%,-39.95%,-44.65%,-38.25%,-52.50%,Upgrade
Shares Outstanding (Basic),105,105,105,108,110,111,111,111,111,112,113,112,114,113,113,113,113,113,113,113,112,112,112,112,111,111,111,110,110,109,109,108,108,107,107,107,106,106,106,108,Upgrade
Shares Outstanding (Diluted),105,105,106,108,111,112,111,111,111,112,113,113,114,114,114,113,113,113,113,113,113,113,113,112,112,112,111,111,111,110,110,110,109,109,109,109,108,108,108,110,Upgrade
Shares Change,-5.42%,-6.09%,-5.30%,-2.79%,-0.54%,-0.69%,-1.28%,-1.20%,-2.25%,-1.58%,-0.79%,-0.83%,0.65%,0.70%,0.33%,0.34%,0.17%,0.44%,0.70%,0.82%,1.08%,1.23%,1.19%,1.10%,1.04%,1.29%,1.13%,1.08%,1.12%,0.98%,1.05%,1.06%,1.08%,1.09%,0.39%,-1.51%,-1.56%,-1.37%,-0.25%,2.19%,Upgrade
EPS (Basic),0.44,0.52,0.02,1.01,0.89,2.34,4.01,2.73,2.10,2.49,1.62,1.52,0.56,1.98,1.65,1.65,0.97,0.81,1.34,1.38,0.68,1.98,0.19,1.10,0.52,0.73,0.97,0.92,0.48,0.74,0.69,0.86,0.35,0.75,0.75,0.47,0.20,0.49,0.60,0.32,Upgrade
EPS (Diluted),0.44,0.52,0.02,1.01,0.88,2.33,4.00,2.72,2.10,2.48,1.62,1.52,0.55,1.96,1.65,1.64,0.97,0.81,1.34,1.37,0.67,1.96,0.19,1.09,0.52,0.73,0.96,0.92,0.47,0.74,0.69,0.85,0.34,0.74,0.74,0.47,0.20,0.48,0.59,0.31,Upgrade
EPS Growth,-50.00%,-77.68%,-99.50%,-62.87%,-58.10%,-6.05%,146.91%,78.95%,281.82%,26.53%,-1.82%,-7.32%,-43.30%,141.98%,23.13%,19.71%,44.78%,-58.67%,605.26%,25.69%,28.85%,168.49%,-80.21%,18.48%,10.64%,-1.35%,39.13%,8.24%,38.24%,0%,-6.76%,80.85%,70.00%,54.17%,25.42%,51.61%,-39.39%,-43.53%,-37.89%,-54.41%,Upgrade
Free Cash Flow Per Share,-1.49,1.68,2.28,1.06,-0.04,2.69,3.21,2.04,1.76,3.40,2.48,2.80,0.08,2.41,2.53,2.12,0.06,2.47,1.77,1.58,0.20,1.30,1.68,1.77,-0.21,1.88,0.57,1.55,-0.70,1.54,1.43,1.99,-0.87,1.50,1.02,1.22,-1.19,1.01,0.62,1.75,Upgrade
Dividend Per Share,0.520,0.520,0.520,0.510,0.510,0.510,0.510,0.460,0.460,0.460,0.440,0.440,0.440,0.420,0.420,0.420,0.420,0.420,0.420,0.380,0.380,0.380,0.380,0.340,0.340,0.340,0.340,0.260,0.260,0.250,0.250,0.250,0.250,0.240,0.240,0.240,0.120,0.120,0.120,0.120,Upgrade
Dividend Growth,1.96%,1.96%,1.96%,10.87%,10.87%,10.87%,15.91%,4.55%,4.55%,9.52%,4.76%,4.76%,4.76%,0%,0%,10.53%,10.53%,10.53%,10.53%,11.76%,11.76%,11.76%,11.76%,30.77%,30.77%,36.00%,36.00%,4.00%,4.00%,4.17%,4.17%,4.17%,108.33%,100.00%,100.00%,100.00%,0%,0%,50.00%,50.00%,Upgrade
Gross Margin,28.16%,25.52%,21.82%,27.59%,27.13%,33.08%,39.95%,35.70%,33.56%,35.93%,35.10%,33.95%,27.63%,35.17%,33.33%,34.26%,30.50%,28.67%,31.42%,32.79%,28.25%,30.57%,30.10%,32.40%,26.85%,31.14%,29.01%,30.68%,25.54%,26.78%,26.77%,30.08%,27.06%,28.01%,30.14%,28.62%,25.65%,24.91%,28.26%,25.53%,Upgrade
Operating Margin,6.13%,5.22%,1.15%,7.76%,7.35%,14.88%,24.37%,18.31%,15.94%,18.48%,13.55%,14.84%,5.97%,17.38%,15.41%,16.11%,11.78%,9.17%,13.38%,14.22%,7.88%,11.38%,1.78%,13.28%,7.03%,6.00%,11.59%,11.85%,6.94%,9.15%,8.86%,11.25%,5.96%,10.29%,9.58%,7.04%,3.86%,7.29%,8.54%,4.90%,Upgrade
Profit Margin,3.17%,3.20%,0.11%,5.29%,4.81%,10.96%,17.41%,13.33%,11.55%,13.01%,9.52%,10.61%,4.47%,12.93%,11.20%,12.46%,8.41%,6.47%,9.82%,10.40%,5.88%,14.93%,1.41%,8.41%,4.43%,5.39%,7.12%,7.50%,4.37%,6.01%,5.46%,7.05%,3.39%,6.41%,6.41%,4.40%,2.14%,4.23%,4.91%,2.69%,Upgrade
Free Cash Flow Margin,-10.74%,10.45%,13.16%,5.53%,-0.23%,12.60%,13.93%,9.97%,9.67%,17.74%,14.61%,19.57%,0.64%,15.81%,17.14%,16.03%,0.54%,19.65%,12.92%,11.95%,1.68%,9.83%,12.39%,13.61%,-1.81%,13.87%,4.21%,12.61%,-6.44%,12.34%,11.24%,16.30%,-8.46%,12.87%,8.66%,11.36%,-12.42%,8.77%,5.04%,14.70%,Upgrade
Effective Tax Rate,22.86%,6.90%,-,22.14%,24.46%,21.69%,25.71%,23.93%,23.53%,26.55%,24.70%,23.90%,11.83%,22.18%,23.40%,18.45%,22.53%,21.93%,22.56%,23.20%,18.14%,-38.42%,-17.75%,33.74%,30.69%,0.60%,35.68%,33.37%,30.39%,30.06%,34.41%,33.98%,35.98%,34.37%,30.26%,33.75%,38.15%,39.04%,40.20%,41.18%,Upgrade
EBITDA,134.1,131,61,201,190.3,392,657,454,361,434.83,296.27,278.68,115.23,330.73,288.29,273.67,186.31,161.77,238.11,243.08,132.09,200.69,63.27,223.65,122.96,118.44,199.19,185.09,105.64,146.15,143.54,170.12,86.88,150.63,144.52,100.63,58.95,108.55,129.43,81.07,Upgrade
EBITDA Margin,9.27%,7.77%,3.34%,9.75%,9.36%,16.52%,25.70%,20.04%,17.82%,20.22%,15.48%,17.32%,8.16%,19.13%,17.25%,18.26%,14.29%,11.42%,15.44%,16.30%,10.18%,13.55%,4.16%,15.38%,9.34%,7.87%,13.21%,13.59%,8.79%,10.77%,10.37%,12.85%,7.82%,12.00%,11.47%,8.75%,5.82%,8.90%,9.95%,6.29%,Upgrade
Depreciation & Amortization,45.5,43,41,42,41,40,39,41,38,38.35,38.23,40.98,31.45,31.46,31.72,32.88,32.93,33.39,31.73,31.06,29.75,31.76,36,30.15,30.15,28.14,24.49,23.99,22.42,22.21,21.07,21.46,20.85,21.72,24.13,19.78,19.97,19.78,18.55,18.19,Upgrade
EBIT,88.6,88,20,159,149.3,352,618,413,323,396.48,258.04,237.7,83.78,299.27,256.57,240.79,153.38,128.37,206.38,212.02,102.34,168.92,27.27,193.51,92.81,90.3,174.7,161.1,83.22,123.94,122.47,148.66,66.03,128.91,120.39,80.85,38.98,88.78,110.87,62.88,Upgrade
EBIT Margin,6.13%,5.22%,1.10%,7.71%,7.34%,14.83%,24.18%,18.23%,15.94%,18.44%,13.48%,14.78%,5.93%,17.31%,15.35%,16.07%,11.77%,9.06%,13.38%,14.22%,7.89%,11.40%,1.79%,13.30%,7.05%,6.00%,11.58%,11.83%,6.93%,9.14%,8.85%,11.23%,5.94%,10.27%,9.56%,7.03%,3.85%,7.28%,8.52%,4.88%,Upgrade
