Metrics,2023-02-28,2022-11-30,2022-08-31,2022-05-31,2022-02-28,2021-11-30,2021-08-31,2021-05-31,2021-02-28,2020-11-30,2020-08-31,2020-05-31,2020-02-29,2019-11-30,2019-08-31,2019-05-31,2019-02-28,2018-11-30,2018-09-30,2018-06-30,2018-03-31,2017-12-31,2017-09-30,2017-06-30,2017-03-31,2016-12-31,2016-09-30,2016-06-30,2016-03-31,2015-12-31,2015-09-30,2015-06-30,2015-03-31,2014-12-31,2014-09-30,2014-06-30,2014-03-31,2013-12-31,2013-09-30,2013-06-30,+69 Quarters
Revenue,"1,283.49","1,352.95","1,524.89","1,369.08","1,692.84","1,637.39","1,938.98","1,950.51","2,486.94","1,700.43","1,616.17","1,147.59","1,386.33","1,106.1",856.78,"1,101.66",828.44,-,"1,150.85",911.16,895.44,"1,056.84",857.22,856.86,"2,867.98","-4,281.47","2,676.38","2,625.36","2,015.11","2,496.22","2,366.1","2,839.46","3,184.68","2,688.36","3,003.64","2,851.96","2,942.52","2,920.82","2,532.05","2,675.73",Upgrade
Revenue Growth (YoY),-24.18%,-17.37%,-21.36%,-29.81%,-31.93%,-3.71%,19.97%,69.97%,79.39%,53.73%,88.63%,4.17%,67.34%,-,-25.55%,20.91%,-7.48%,-,34.25%,6.34%,-68.78%,-,-67.97%,-67.36%,42.32%,-,13.11%,-7.54%,-36.73%,-7.15%,-21.23%,-0.44%,8.23%,-7.96%,18.62%,6.59%,28.07%,8.89%,14.21%,53.25%,Upgrade
Cost of Revenue,82.64,176.42,208.12,224.47,179.63,159.61,220.49,220.66,171.98,167.91,149.4,156.25,131.62,146.56,136.63,140.8,118.79,-,129.45,135.74,124.11,111.48,114.45,114.42,"1,578.95","-4,733.53","1,729.28","1,819.96","1,688.53","1,808.04","1,982.6","2,109.08","1,977.3","2,091.16","2,057.81","2,095.4","1,995.25","1,996.71","1,936.66","1,954.64",Upgrade
Gross Profit,"1,200.85","1,176.53","1,316.77","1,144.62","1,513.21","1,477.79","1,718.49","1,729.85","2,314.97","1,532.53","1,466.77",991.34,"1,254.7",959.54,720.15,960.86,709.65,-,"1,021.4",775.42,771.32,945.36,742.78,742.44,"1,289.03",452.07,947.09,805.4,326.58,688.18,383.5,730.38,"1,207.38",597.2,945.83,756.56,947.28,924.11,595.39,721.08,Upgrade
"Selling, General & Admin",893.8,395.24,956.68,906.76,959.73,579.71,"1,079.51","1,172.8","1,444.48",727.16,998.55,847.59,968.03,748.59,715.62,739.62,630.7,-,706.44,715.08,716,708.46,692.91,658.45,685.47,606.57,657.88,644.35,576.66,582.84,590.8,672.75,576.86,516.57,780.63,600.2,740.16,849.22,498.26,604.95,Upgrade
Other Operating Expenses,149.03,671.58,43.19,40.31,161.15,593.62,38.68,39.44,38.77,517.58,39.52,40.37,39.47,42.27,39.88,36.79,33.93,0,32.3,31.91,28.16,28.27,28.76,26.26,49.51,-35.96,52.69,50.77,49.61,57.99,58.47,55.24,52.44,113.09,46.46,44.64,41.49,48.39,47.05,45.98,Upgrade
Operating Expenses,"1,042.83","1,066.82",999.87,947.07,"1,120.88","1,173.32","1,118.18","1,212.24","1,483.25","1,244.74","1,038.07",887.95,"1,007.5",790.86,755.5,776.41,664.63,-,738.74,746.98,744.16,736.73,721.67,684.71,734.98,570.61,710.57,695.12,626.27,640.83,649.26,727.99,629.3,629.66,827.09,644.84,781.64,897.61,545.31,650.93,Upgrade
Operating Income,158.02,109.71,316.9,197.55,392.33,304.47,600.31,517.61,831.72,287.79,428.7,103.39,247.2,168.68,-35.36,184.45,45.02,-,282.66,28.44,27.16,208.63,21.1,57.73,554.06,-118.54,236.53,110.28,-299.7,47.35,-265.76,2.39,578.08,-32.47,118.74,111.72,165.64,26.5,50.08,70.15,Upgrade
Interest Expense / Income,0,-28.62,10.22,9.31,0,-59.83,19.52,19.94,20.37,-64.23,21.51,21.16,21.55,17.36,23.66,23.14,23.02,-,28.84,24.28,21.5,24.44,25.61,25.58,27.38,27.61,23.12,22.71,22.32,21.98,30.67,31.73,31.42,33.72,29.5,29.14,28.58,25.2,17.23,21.21,Upgrade
Other Expense / Income,-6.31,-57.89,3.24,22.47,-1.54,-54.44,25.78,22.62,9.06,-70.19,-6.03,3.94,65.44,-84.17,-72.64,-21.93,-26.39,-,-30.48,-732.14,-71.61,-60.47,-114.8,-53.24,140.07,-250.92,-15.67,-39.58,-16.79,-33.35,-34,-32.19,-47.8,-59.52,-26.36,-31.24,-14.52,-37.88,2.09,-27.92,Upgrade
Pretax Income,164.33,196.22,303.44,165.77,393.87,418.73,555.01,475.04,802.3,422.21,413.22,78.29,160.21,235.49,13.62,183.24,48.39,-,284.3,736.3,77.27,244.66,110.29,85.39,386.6,104.77,229.08,127.15,-305.23,58.72,-262.43,2.85,594.45,-6.66,115.6,113.82,151.58,39.17,30.76,76.86,Upgrade
Income Tax,28.69,53.9,105.91,49.68,64.36,91.97,145.7,120.82,218.24,113.54,107.4,31.96,45.77,38.67,-36.13,-488.8,2.3,-,90.39,9.6,-48.43,515.09,9.77,26.19,104.17,-33.42,73.7,68.85,-83.36,2.11,-90.27,-14.57,212.68,2.09,59.91,47.73,56.25,29.6,26.76,23.24,Upgrade
Net Income,135.64,142.32,197.53,116.09,329.52,326.76,409.31,354.22,584.06,308.67,305.81,46.32,114.43,196.82,49.75,672.04,46.09,-,193.91,726.7,125.7,-270.43,100.52,59.21,282.42,138.19,155.37,58.3,-221.86,56.61,-172.16,17.42,381.78,-8.75,55.7,66.09,95.33,9.57,4,53.63,Upgrade
Preferred Dividends,2.02,2.07,2.07,2.07,2.07,1.85,1.85,1.63,1.63,1.4,1.4,1.4,1.42,1.28,1.28,1.28,1.28,-,1.28,1.17,1.17,1.17,1.17,1.02,1.02,1.02,1.02,1.02,1.02,1.02,1.02,1.02,1.02,1.02,1.02,1.02,1.02,1.02,1.03,1.02,Upgrade
Net Income Common,133.62,140.25,195.46,114.01,327.45,324.91,407.46,352.6,582.44,307.27,304.41,44.92,113.01,195.54,48.48,670.76,44.81,-,192.64,725.53,124.53,-271.6,99.35,58.19,281.41,137.17,154.36,57.29,-222.88,55.6,-173.17,16.41,380.76,-9.76,54.68,65.07,94.32,8.55,2.97,52.61,Upgrade
Net Income Growth,-59.19%,-56.84%,-52.03%,-67.66%,-43.78%,5.74%,33.85%,684.96%,415.38%,57.14%,527.95%,-93.30%,152.19%,-,-74.83%,-7.55%,-64.01%,-,93.89%,1146.76%,-55.75%,-,-35.64%,1.58%,-,146.73%,-,249.20%,-,-,-,-74.79%,303.71%,-,1740.42%,23.69%,-69.09%,-98.12%,-97.21%,-,Upgrade
Shares Outstanding (Basic),226,229,232,240,242,246,247,247,251,255,267,269,288,300,300,298,306,323,333,345,356,356,359,360,360,360,360,362,362,362,367,367,367,368,369,369,364,365,364,364,Upgrade
Shares Change,-6.49%,-6.75%,-5.90%,-3.02%,-3.67%,-3.87%,-7.35%,-8.13%,-12.80%,-14.82%,-11.13%,-9.74%,-5.81%,-7.18%,-10.00%,-13.56%,-14.19%,-9.32%,-7.06%,-4.25%,-0.99%,-1.04%,-0.49%,-0.69%,-0.67%,-0.64%,-1.69%,-1.18%,-1.20%,-1.65%,-0.52%,-0.52%,0.69%,1.07%,1.13%,1.18%,48.88%,49.04%,49.00%,48.93%,Upgrade
EPS (Basic),0.56,0.59,0.80,0.46,1.26,1.24,1.54,1.33,2.17,1.10,1.08,0.16,0.37,0.63,0.16,2.17,0.14,-,0.56,2.05,0.34,-0.74,0.27,0.16,0.76,0.37,0.41,0.15,-0.60,0.15,-0.47,0.04,1.00,-0.02,0.14,0.17,0.25,-0.01,0.01,0.14,Upgrade
EPS (Diluted),0.54,0.58,0.78,0.45,1.23,1.20,1.50,1.30,2.13,1.08,1.07,0.16,0.37,0.62,0.15,2.14,0.14,-,0.55,2.03,0.34,-0.72,0.27,0.16,0.75,0.37,0.41,0.15,-0.60,0.15,-0.47,0.04,0.99,-0.02,0.14,0.17,0.25,-,0.01,0.14,Upgrade
EPS Growth,-56.10%,-51.67%,-48.00%,-65.38%,-42.25%,11.11%,40.19%,712.50%,475.68%,74.19%,613.33%,-92.52%,164.29%,-,-72.73%,5.42%,-58.82%,-,103.70%,1168.75%,-54.67%,-,-34.15%,6.67%,-,146.67%,-,275.00%,-,-,-,-76.47%,296.00%,-,1300.00%,21.43%,-76.85%,-,-97.67%,-,Upgrade
Free Cash Flow Per Share,-8.15,1.16,5.98,4.88,-5.14,5.89,4.08,1.95,-6.05,2.81,4.21,3.79,-3.40,1.12,0.47,-2.38,-2.71,-,2.06,-0.91,-1.25,-0.85,1.57,2.23,-1.03,0.63,0.82,2.34,-2.78,0.96,1.21,-0.11,-4.87,0.41,-1.12,-0.45,-3.04,-0.79,1.25,1.58,Upgrade
Dividend Per Share,0.300,0.300,0.300,0.300,0.300,0.250,0.250,0.200,0.200,0.150,0.150,0.150,0.150,1.399,0.125,0.125,0.125,0.125,0.125,0.100,0.100,0.100,0.100,0.063,0.063,0.062,0.062,0.062,0.062,0.062,0.063,0.062,0.063,0.063,0.062,0.062,0.062,0.062,0.062,0.062,Upgrade
Dividend Growth,0%,20.00%,20.00%,50.00%,50.00%,66.67%,66.67%,33.33%,33.33%,-89.28%,20.00%,20.00%,20.00%,1019.20%,0%,25.00%,25.00%,25.00%,25.00%,58.73%,58.73%,61.29%,61.29%,1.61%,1.61%,0%,-1.59%,0%,-1.59%,-1.59%,1.61%,0%,1.61%,1.61%,0%,0%,0%,-75.20%,-,-,Upgrade
Gross Margin,93.56%,86.96%,86.35%,83.60%,89.39%,90.25%,88.63%,88.69%,93.08%,90.13%,90.76%,86.38%,90.51%,86.75%,84.05%,87.22%,85.66%,-,88.75%,85.10%,86.14%,89.45%,86.65%,86.65%,44.95%,-,35.39%,30.68%,16.21%,27.57%,16.21%,25.72%,37.91%,22.21%,31.49%,26.53%,32.19%,31.64%,23.51%,26.95%,Upgrade
Operating Margin,12.31%,8.11%,20.78%,14.43%,23.18%,18.59%,30.96%,26.54%,33.44%,16.92%,26.53%,9.01%,17.83%,15.25%,-4.13%,16.74%,5.43%,-,24.56%,3.12%,3.03%,19.74%,2.46%,6.74%,19.32%,-,8.84%,4.20%,-14.87%,1.90%,-11.23%,0.08%,18.15%,-1.21%,3.95%,3.92%,5.63%,0.91%,1.98%,2.62%,Upgrade
Profit Margin,10.41%,10.37%,12.82%,8.33%,19.34%,19.84%,21.01%,18.08%,23.42%,18.07%,18.84%,3.91%,8.15%,17.68%,5.66%,60.89%,5.41%,-,16.74%,79.63%,13.91%,-25.70%,11.59%,6.79%,9.81%,-,5.77%,2.18%,-11.06%,2.23%,-7.32%,0.58%,11.96%,-0.36%,1.82%,2.28%,3.21%,0.29%,0.12%,1.97%,Upgrade
Free Cash Flow Margin,-143.67%,19.61%,91.19%,85.28%,-73.38%,88.32%,52.03%,24.70%,-61.13%,42.17%,69.37%,88.82%,-70.62%,30.31%,16.53%,-64.39%,-99.91%,-,59.64%,-34.34%,-49.58%,-28.64%,65.89%,93.73%,-12.97%,-,11.04%,32.26%,-50.03%,13.91%,18.78%,-1.38%,-56.12%,5.56%,-13.77%,-5.79%,-37.62%,-9.89%,18.02%,21.56%,Upgrade
Effective Tax Rate,17.46%,27.47%,34.90%,29.97%,16.34%,21.96%,26.25%,25.43%,27.20%,26.89%,25.99%,40.83%,28.57%,16.42%,-265.26%,-266.75%,4.76%,-,31.79%,1.30%,-62.68%,210.53%,8.86%,30.66%,26.95%,-31.90%,32.17%,54.15%,-,3.60%,-,-511.26%,35.78%,-,51.82%,41.93%,37.11%,75.57%,87.00%,30.23%,Upgrade
EBITDA,197.91,223.86,357.77,216.65,441.27,377.2,616.84,536.29,865,376.64,473.38,139.23,221.15,295.19,73.95,235.69,92.85,-,330.22,780.95,115.16,285.49,153.72,103.51,452.01,83.54,294.32,193.03,-247.74,123.77,-185.65,77.16,666.2,70.65,182.39,172.74,209.23,98.38,82.74,132.03,Upgrade
EBITDA Margin,15.42%,16.55%,23.46%,15.82%,26.07%,23.04%,31.81%,27.50%,34.78%,22.15%,29.29%,12.13%,15.95%,26.69%,8.63%,21.39%,11.21%,-,28.69%,85.71%,12.86%,27.01%,17.93%,12.08%,15.76%,-,11.00%,7.35%,-12.29%,4.96%,-7.85%,2.72%,20.92%,2.63%,6.07%,6.06%,7.11%,3.37%,3.27%,4.93%,Upgrade
Depreciation & Amortization,33.59,56.26,44.11,41.57,47.4,18.3,42.32,41.31,42.33,18.66,38.65,39.78,39.39,42.34,36.67,29.31,21.45,-,17.08,20.37,16.4,16.39,17.81,-7.46,38.02,-48.85,42.13,43.17,35.17,43.06,46.11,42.57,40.33,43.6,37.29,29.78,29.07,34.01,34.75,33.96,Upgrade
EBIT,164.33,167.6,313.66,175.08,393.87,358.91,574.53,494.99,822.66,357.98,434.73,99.45,181.76,252.85,37.28,206.38,71.41,-,313.14,760.58,98.77,269.1,135.91,110.97,413.98,132.38,252.2,149.86,-282.91,80.71,-231.76,34.58,625.88,27.05,145.1,142.96,180.16,64.37,47.99,98.07,Upgrade
EBIT Margin,12.80%,12.39%,20.57%,12.79%,23.27%,21.92%,29.63%,25.38%,33.08%,21.05%,26.90%,8.67%,13.11%,22.86%,4.35%,18.73%,8.62%,-,27.21%,83.47%,11.03%,25.46%,15.85%,12.95%,14.43%,-,9.42%,5.71%,-14.04%,3.23%,-9.80%,1.22%,19.65%,1.01%,4.83%,5.01%,6.12%,2.20%,1.90%,3.67%,Upgrade
