Metrics,2023-03-31,2022-12-31,2022-09-30,2022-06-30,2022-03-31,2021-12-31,2021-09-30,2021-06-30,2021-03-31,2020-12-31,2020-09-30,2020-06-30,2020-03-31,2019-12-31,2019-09-30,2019-06-30,2019-03-31,2018-12-31,2018-09-30,2018-06-30,2018-03-31,2017-12-31,2017-09-30,2017-06-30,2017-03-31,2016-12-31,2016-09-30,2016-06-30,2016-03-31,2015-12-31,2015-09-30,2015-06-30,2015-03-31,2014-12-31,2014-09-30,2014-06-30,2014-03-31,2013-12-31,2013-09-30,2013-06-30,+48 Quarters
Revenue,"5,748","5,817","5,756","5,497","5,167","5,216","4,985","4,528","4,155","4,120","3,837","3,335","4,009","4,414","4,467","4,113","3,889","3,807","3,898","3,665","3,580","3,312","3,398","3,053","2,734","2,756","2,880","2,694","2,446","2,517","2,530","2,390","2,230","2,411","2,490","2,368","2,172","2,092","2,218","2,096",Upgrade
Revenue Growth (YoY),11.24%,11.52%,15.47%,21.40%,24.36%,26.60%,29.92%,35.77%,3.64%,-6.66%,-14.10%,-18.92%,3.09%,15.94%,14.60%,12.22%,8.63%,14.95%,14.71%,20.05%,30.94%,20.17%,17.99%,13.33%,11.77%,9.50%,13.83%,12.72%,9.69%,4.40%,1.61%,0.93%,2.67%,15.25%,12.26%,12.98%,13.96%,10.40%,15.64%,15.16%,Upgrade
Gross Profit,"5,748","5,817","5,756","5,497","5,167","5,216","4,985","4,528","4,155","4,120","3,837","3,335","4,009","4,414","4,467","4,113","3,889","3,807","3,898","3,665","3,580","3,312","3,398","3,053","2,734","2,756","2,880","2,694","2,446","2,517","2,530","2,390","2,230","2,411","2,490","2,368","2,172","2,092","2,218","2,096",Upgrade
"Selling, General & Admin","2,210","2,434","2,251","2,157","2,025","2,200","2,053","1,934","1,795","1,867","1,591","1,461","1,648","1,869","1,675","1,594","1,559","1,703","1,471","1,389","1,518","1,675","1,339","1,289","1,121","1,291","1,117","1,114","1,003","1,317","1,067",986,792,"1,309",987,904,814,"1,006",906,807,Upgrade
Other Operating Expenses,402,199,393,322,192,189,215,253,163,195,141,167,150,146,137,122,117,870,140,340,237,115,118,111,107,102,93,200,95,93,94,153,87,84,83,81,73,166,64,61,Upgrade
Operating Expenses,"2,612","2,633","2,644","2,479","2,217","2,389","2,268","2,187","1,958","2,062","1,732","1,628","1,798","2,015","1,812","1,716","1,676","2,573","1,611","1,729","1,755","1,790","1,457","1,400","1,228","1,393","1,210","1,314","1,098","1,410","1,161","1,139",879,"1,393","1,070",985,887,"1,172",970,868,Upgrade
Operating Income,"3,136","3,184","3,112","3,018","2,950","2,827","2,717","2,341","2,197","2,058","2,105","1,707","2,211","2,399","2,655","2,397","2,213","1,234","2,287","1,936","1,825","1,522","1,941","1,653","1,506","1,363","1,670","1,380","1,348","1,107","1,369","1,251","1,351","1,018","1,420","1,383","1,285",920,"1,248","1,228",Upgrade
Interest Expense / Income,132,127,120,114,110,108,110,106,107,105,105,101,69,64,63,51,46,47,48,48,43,41,35,39,39,30,23,22,20,12,15,17,17,16,11,15,6,7,-3,5,Upgrade
Other Expense / Income,151,-32,-80,106,67,-104,-209,-243,-100,-215,85,-84,155,-140,58,-173,-36,-28,-25,-34,-21,-3,-26,-14,-11,22,14,-7,-9,70,2,-7,-6,-5,-9,-5,-2,2,-3,-10,Upgrade
Pretax Income,"2,853","3,089","3,072","2,798","2,773","2,823","2,816","2,478","2,190","2,168","1,915","1,690","1,987","2,475","2,534","2,519","2,203","1,215","2,264","1,922","1,803","1,484","1,932","1,628","1,478","1,311","1,633","1,365","1,337","1,025","1,352","1,241","1,340","1,007","1,418","1,373","1,281",911,"1,254","1,233",Upgrade
Income Tax,492,564,573,523,142,444,402,412,362,383,402,270,294,375,426,471,341,316,365,353,311,"1,257",502,451,397,378,449,382,378,135,375,320,320,206,403,442,411,288,375,385,Upgrade
Net Income,"2,361","2,525","2,499","2,275","2,631","2,379","2,414","2,066","1,828","1,785","1,513","1,420","1,693","2,100","2,108","2,048","1,862",899,"1,899","1,569","1,492",227,"1,430","1,177","1,081",933,"1,184",983,959,890,977,921,"1,020",801,"1,015",931,870,623,879,848,Upgrade
Net Income Growth,-10.26%,6.14%,3.52%,10.12%,43.93%,33.28%,59.55%,45.49%,7.97%,-15.00%,-28.23%,-30.66%,-9.08%,133.59%,11.01%,30.53%,24.80%,296.04%,32.80%,33.31%,38.02%,-75.67%,20.78%,19.74%,12.72%,4.83%,21.19%,6.73%,-5.98%,11.11%,-3.74%,-1.07%,17.24%,28.57%,15.47%,9.79%,13.58%,2.98%,13.86%,21.14%,Upgrade
Shares Outstanding (Basic),953,959,965,971,977,982,986,990,994,999,"1,001","1,004","1,005","1,008","1,013","1,020","1,026","1,032","1,037","1,043","1,051","1,055","1,063","1,070","1,078","1,089","1,096","1,098","1,109","1,128","1,130","1,138","1,148","1,153","1,157","1,165","1,185","1,199","1,205","1,214",Upgrade
Shares Outstanding (Diluted),956,962,968,974,981,986,990,994,998,"1,000","1,005","1,008","1,010","1,013","1,019","1,025","1,032","1,038","1,043","1,049","1,057","1,063","1,068","1,075","1,082","1,092","1,099","1,101","1,112","1,131","1,133","1,141","1,152","1,160","1,160","1,169","1,189","1,203","1,209","1,217",Upgrade
Shares Change,-2.55%,-2.43%,-2.22%,-2.01%,-1.70%,-1.40%,-1.49%,-1.39%,-1.19%,-1.28%,-1.37%,-1.66%,-2.13%,-2.41%,-2.30%,-2.29%,-2.37%,-2.35%,-2.34%,-2.42%,-2.31%,-2.66%,-2.82%,-2.36%,-2.70%,-3.45%,-3.00%,-3.51%,-3.47%,-2.50%,-2.33%,-2.40%,-3.11%,-3.57%,-4.05%,-3.94%,-3.33%,-3.91%,-3.28%,-3.41%,Upgrade
EPS (Basic),2.48,2.63,2.59,2.34,2.69,2.42,2.45,2.09,1.84,1.79,1.51,1.41,1.68,2.08,2.08,2.01,1.81,0.88,1.83,1.50,1.42,0.22,1.34,1.10,1.00,0.86,1.08,0.89,0.86,0.79,0.86,0.81,0.89,0.70,0.88,0.80,0.73,0.52,0.73,0.70,Upgrade
EPS (Diluted),2.47,2.62,2.58,2.34,2.68,2.41,2.44,2.08,1.83,1.78,1.51,1.41,1.68,2.07,2.07,2.00,1.80,0.87,1.82,1.50,1.41,0.22,1.34,1.10,1.00,0.86,1.08,0.89,0.86,0.79,0.86,0.81,0.89,0.70,0.87,0.80,0.73,0.51,0.73,0.70,Upgrade
EPS Growth,-7.84%,8.71%,5.74%,12.50%,46.45%,35.39%,61.59%,47.52%,8.93%,-14.01%,-27.05%,-29.50%,-6.67%,137.93%,13.74%,33.33%,27.66%,295.45%,35.82%,36.36%,41.00%,-74.42%,24.07%,23.60%,16.28%,8.86%,25.58%,9.88%,-3.37%,12.86%,-1.15%,1.25%,21.92%,37.25%,19.18%,14.29%,17.74%,5.59%,18.31%,26.13%,Upgrade
Free Cash Flow Per Share,1.64,2.88,3.71,2.34,1.52,3.02,2.33,2.10,1.33,2.10,1.49,1.27,1.64,2.77,2.11,1.33,1.14,1.17,2.16,1.31,0.86,1.61,1.56,1.17,0.59,0.91,1.21,0.87,0.89,0.89,1.03,0.65,0.74,0.49,1.14,0.58,0.44,0.88,1.06,0.56,Upgrade
Dividend Per Share,0.570,0.490,0.490,0.490,0.490,0.440,0.440,0.440,0.440,0.400,0.400,0.400,0.400,0.330,0.330,0.330,0.330,0.250,0.250,0.250,0.250,0.220,0.220,0.220,0.220,0.190,0.190,0.190,0.190,0.160,0.160,0.160,0.160,0.110,0.110,0.110,0.110,0.060,0.060,0.060,Upgrade
Dividend Growth,16.33%,11.36%,11.36%,11.36%,11.36%,10.00%,10.00%,10.00%,10.00%,21.21%,21.21%,21.21%,21.21%,32.00%,32.00%,32.00%,32.00%,13.64%,13.64%,13.64%,13.64%,15.79%,15.79%,15.79%,15.79%,18.75%,18.75%,18.75%,18.75%,45.45%,45.45%,45.45%,45.45%,83.33%,83.33%,83.33%,266.67%,100.00%,100.00%,100.00%,Upgrade
Gross Margin,100.00%,100.00%,100.00%,100.00%,100.00%,100.00%,100.00%,100.00%,100.00%,100.00%,100.00%,100.00%,100.00%,100.00%,100.00%,100.00%,100.00%,100.00%,100.00%,100.00%,100.00%,100.00%,100.00%,100.00%,100.00%,100.00%,100.00%,100.00%,100.00%,100.00%,100.00%,100.00%,100.00%,100.00%,100.00%,100.00%,100.00%,100.00%,100.00%,100.00%,Upgrade
Operating Margin,54.56%,54.74%,54.07%,54.90%,57.09%,54.20%,54.50%,51.70%,52.88%,49.95%,54.86%,51.18%,55.15%,54.35%,59.44%,58.28%,56.90%,32.41%,58.67%,52.82%,50.98%,45.95%,57.12%,54.14%,55.08%,49.46%,57.99%,51.22%,55.11%,43.98%,54.11%,52.34%,60.58%,42.22%,57.03%,58.40%,59.16%,43.98%,56.27%,58.59%,Upgrade
Profit Margin,41.08%,43.41%,43.42%,41.39%,50.92%,45.61%,48.43%,45.63%,44.00%,43.33%,39.43%,42.58%,42.23%,47.58%,47.19%,49.79%,47.88%,23.61%,48.72%,42.81%,41.68%,6.85%,42.08%,38.55%,39.54%,33.85%,41.11%,36.49%,39.21%,35.36%,38.62%,38.54%,45.74%,33.22%,40.76%,39.32%,40.06%,29.78%,39.63%,40.46%,Upgrade
Free Cash Flow Margin,27.26%,47.46%,62.18%,41.30%,28.80%,56.77%,46.02%,45.83%,31.74%,51.02%,38.81%,38.23%,41.16%,63.32%,47.82%,32.92%,30.08%,31.76%,57.39%,37.22%,25.39%,51.36%,48.73%,40.98%,23.15%,35.99%,46.01%,35.45%,40.19%,39.89%,46.09%,30.75%,38.30%,23.35%,52.81%,28.55%,23.90%,50.33%,57.35%,32.49%,Upgrade
Effective Tax Rate,17.25%,18.26%,18.65%,18.69%,5.12%,15.73%,14.28%,16.63%,16.53%,17.67%,20.99%,15.98%,14.80%,15.15%,16.81%,18.70%,15.48%,26.01%,16.12%,18.37%,17.25%,84.70%,25.98%,27.70%,26.86%,28.83%,27.50%,27.99%,28.27%,13.17%,27.74%,25.79%,23.88%,20.46%,28.42%,32.19%,32.08%,31.61%,29.90%,31.22%,Upgrade
EBITDA,"3,176","3,400","3,377","3,101","3,075","3,120","3,114","2,770","2,460","2,423","2,161","1,936","2,200","2,685","2,734","2,692","2,366","1,375","2,423","2,085","1,966","1,641","2,085","1,778","1,609","1,433","1,749","1,480","1,452","1,130","1,461","1,350","1,444","1,107","1,512","1,469","1,360",989,"1,315","1,299",Upgrade
EBITDA Margin,55.25%,58.45%,58.67%,56.41%,59.51%,59.82%,62.47%,61.17%,59.21%,58.81%,56.32%,58.05%,54.88%,60.83%,61.20%,65.45%,60.84%,36.12%,62.16%,56.89%,54.92%,49.55%,61.36%,58.24%,58.85%,52.00%,60.73%,54.94%,59.36%,44.89%,57.75%,56.49%,64.75%,45.91%,60.72%,62.04%,62.62%,47.28%,59.29%,61.98%,Upgrade
Depreciation & Amortization,191,184,185,189,192,189,188,186,163,150,141,145,144,146,137,122,117,113,111,115,120,116,118,111,92,92,93,93,95,93,94,92,87,84,83,81,73,71,64,61,Upgrade
EBIT,"2,985","3,216","3,192","2,912","2,883","2,931","2,926","2,584","2,297","2,273","2,020","1,791","2,056","2,539","2,597","2,570","2,249","1,262","2,312","1,970","1,846","1,525","1,967","1,667","1,517","1,341","1,656","1,387","1,357","1,037","1,367","1,258","1,357","1,023","1,429","1,388","1,287",918,"1,251","1,238",Upgrade
EBIT Margin,51.93%,55.29%,55.46%,52.97%,55.80%,56.19%,58.70%,57.07%,55.28%,55.17%,52.65%,53.70%,51.28%,57.52%,58.14%,62.48%,57.83%,33.15%,59.31%,53.75%,51.56%,46.04%,57.89%,54.60%,55.49%,48.66%,57.50%,51.48%,55.48%,41.20%,54.03%,52.64%,60.85%,42.43%,57.39%,58.61%,59.25%,43.88%,56.40%,59.06%,Upgrade
