Metrics,2023-03-31,2022-12-31,2022-09-30,2022-06-30,2022-03-31,2021-12-31,2021-09-30,2021-06-30,2021-03-31,2020-12-31,2020-09-30,2020-06-30,2020-03-31,2019-12-31,2019-09-30,2019-06-30,2019-03-31,2018-12-31,2018-09-30,2018-06-30,2018-03-31,2017-12-31,2017-09-30,2017-06-30,2017-03-31,2016-12-31,2016-09-30,2016-06-30,2016-03-31,2015-12-31,2015-09-30,2015-06-30,2015-03-31,2014-12-31,2014-09-30,2014-06-30,2014-03-31,2013-12-31,2013-09-30,2013-06-30,+51 Quarters
Revenue,"2,819","3,122","4,600.9","6,658.7","3,095.5","4,091.1","3,423.7","3,539.4","3,208.5","3,765.1","3,310.7","3,114.6","4,551.3","4,047.2","4,458.4","3,972.6","3,743.9","3,770.6","4,348.1","3,234.9","2,883.6","3,237.7","4,627.8","3,178.3","3,049.4","3,513.8","2,818","3,025.7","3,036.6","2,807","3,240.9","3,259.2","2,657.3","2,908","2,484.3","2,606.7","2,478.6","2,672.6","2,239.6","2,210.6",Upgrade
Revenue Growth (YoY),-8.93%,-23.69%,34.38%,88.13%,-3.52%,8.66%,3.41%,13.64%,-29.50%,-6.97%,-25.74%,-21.60%,21.57%,7.34%,2.54%,22.80%,29.83%,16.46%,-6.04%,1.78%,-5.44%,-7.86%,64.22%,5.04%,0.42%,25.18%,-13.05%,-7.16%,14.27%,-3.47%,30.46%,25.03%,7.21%,8.81%,10.93%,17.92%,14.40%,16.41%,-17.20%,4.34%,Upgrade
Cost of Revenue,"1,791.5","1,920.2","1,759.3","1,303.1","1,527.2","2,158.1","1,799.1","1,841.7","1,392.9","2,011.7","1,869.7","1,632.7","2,887.6","2,453.3","2,870.4","2,476","2,225.2","2,471.1","2,674","1,729.4","1,441.6","1,833.8","2,537.2","1,884","1,692.2","2,146.9","1,527.7","1,697.9","1,697.3","1,577.2","1,910.3","2,095.7","1,278","1,664.2","1,158","1,313","1,273.2","1,441.9","1,144.7","1,143.2",Upgrade
Gross Profit,"1,027.5","1,201.8","2,841.6","5,355.6","1,568.3","1,933","1,624.6","1,697.7","1,815.6","1,753.4","1,441","1,481.9","1,663.7","1,593.9","1,588","1,496.6","1,518.7","1,299.5","1,674.1","1,505.5","1,442","1,403.9","2,090.6","1,294.3","1,357.2","1,366.9","1,290.3","1,327.8","1,339.3","1,229.8","1,330.6","1,163.5","1,379.3","1,243.8","1,326.3","1,293.7","1,205.4","1,230.7","1,094.9","1,067.4",Upgrade
"Selling, General & Admin","1,242.9","1,196.9","1,111.5","1,458.5","1,181","1,324","1,196.5","1,265.1","1,201.7","1,161.8","1,165.9",983.3,"1,335.5","1,222.6","1,242.3","1,046.3",992.7,"1,056.6","1,105",990.1,985,"1,089.1",932.8,928.7,943.2,985.6,919.6,927.9,899.5,920.8,961.4,869,921.2,926.6,932.5,886.2,829,920.8,774.6,801.8,Upgrade
Operating Expenses,"1,242.9","1,196.9","1,111.5","1,458.5","1,181","1,324","1,196.5","1,265.1","1,201.7","1,161.8","1,165.9",983.3,"1,335.5","1,222.6","1,242.3","1,046.3",992.7,"1,056.6","1,105",990.1,985,"1,089.1",932.8,928.7,943.2,985.6,919.6,927.9,899.5,920.8,961.4,869,921.2,926.6,932.5,886.2,829,920.8,774.6,801.8,Upgrade
Operating Income,-215.4,4.9,"1,730.1","3,897.1",387.3,609,428.1,432.6,613.9,591.6,275.1,498.6,328.2,371.3,345.7,450.3,526,242.9,569.1,515.4,457,314.8,"1,157.8",365.6,414,381.3,370.7,399.9,439.8,309,369.2,294.5,458.1,317.2,393.8,407.5,376.4,309.9,320.3,265.6,Upgrade
Other Expense / Income,2.7,25,-4.1,15.2,13.4,33.4,4.4,9.8,-0.8,18.9,-0.1,17.8,-3.9,14.4,7.5,5.8,22.2,-4.8,3.7,2.9,5.4,1.1,3,5.3,4.7,20.2,19.2,4.7,1.2,4.7,0.5,7.3,6.7,1.6,3.9,4.6,22.2,8.7,5.2,6,Upgrade
Pretax Income,-218.1,-20.1,"1,734.2","3,881.9",373.9,575.6,423.7,422.8,614.7,572.7,275.2,480.8,332.1,356.9,338.2,444.5,503.8,247.7,565.4,512.5,451.6,313.7,"1,154.8",360.3,409.3,361.1,351.5,395.2,438.6,304.3,368.7,287.2,451.4,315.6,389.9,402.9,354.2,301.2,315.1,259.6,Upgrade
Income Tax,-78,-10.6,348.7,822.5,35.2,103.8,63.8,61,97.6,100.1,39.2,82.5,43.2,56,61.1,58.2,73.9,11.2,109.1,55.9,54.5,-528.1,344.6,50.8,60.4,43.1,43.3,72.9,70.6,50.7,68.3,29.6,29,36.9,141,88.3,52.3,59.5,61.2,29,Upgrade
Net Income,-140.1,-9.5,"1,385.5","3,059.4",338.7,471.8,359.9,361.8,517.1,472.6,236,398.3,288.9,300.9,277.1,386.3,429.9,236.5,456.3,456.6,397.1,841.8,810.2,309.5,348.9,318,308.2,322.3,368,253.6,300.4,257.6,422.4,278.7,248.9,314.6,301.9,241.7,253.9,230.6,Upgrade
Preferred Dividends,0,0,0,0,0,0,0,0,0,0,0,0,0,0,0,0,0,0,0,0,0,0,0,0,0,0,0,0,0,0,0,16.5,8.2,8.3,8.2,8.3,8.2,8.3,8.2,8.3,Upgrade
Net Income Common,-140.1,-9.5,"1,385.5","3,059.4",338.7,471.8,359.9,361.8,517.1,472.6,236,398.3,288.9,300.9,277.1,386.3,429.9,236.5,456.3,456.6,397.1,841.8,810.2,309.5,348.9,318,308.2,322.3,368,253.6,300.4,241.1,414.2,270.4,240.7,306.3,293.7,233.4,245.7,222.3,Upgrade
Net Income Growth,-,-,284.97%,745.61%,-34.50%,-0.17%,52.50%,-9.16%,78.99%,57.06%,-14.83%,3.11%,-32.80%,27.23%,-39.27%,-15.40%,8.26%,-71.91%,-43.68%,47.53%,13.81%,164.72%,162.88%,-3.97%,-5.19%,25.39%,2.60%,33.68%,-11.15%,-6.21%,24.80%,-21.29%,41.03%,15.85%,-2.04%,37.79%,64.72%,8.61%,31.25%,32.64%,Upgrade
Shares Outstanding (Basic),243,245,249,253,261,265,268,272,273,275,275,274,275,278,279,279,278,283,285,286,290,289,289,288,287,288,288,290,292,293,295,294,294,294,294,294,296,294,294,293,Upgrade
Shares Change,-6.94%,-7.69%,-7.14%,-7.11%,-4.18%,-3.52%,-2.23%,-0.68%,-0.76%,-1.06%,-1.53%,-1.68%,-1.30%,-1.90%,-2.09%,-2.74%,-3.92%,-1.98%,-1.46%,-0.64%,0.76%,0.37%,0.48%,-0.56%,-1.42%,-1.73%,-2.43%,-1.54%,-0.84%,-0.31%,0.29%,0.05%,-0.48%,-0.24%,-0.15%,0.28%,0.72%,0.27%,-0.26%,-2.24%,Upgrade
EPS (Basic),-0.58,0.13,5.59,12.11,1.31,1.78,1.34,1.34,1.89,1.72,0.86,1.45,1.05,1.08,0.99,1.38,1.54,0.84,1.60,1.59,1.37,2.92,2.80,1.07,1.21,1.10,1.07,1.11,1.26,0.87,1.02,0.82,1.41,0.92,0.78,1.04,0.96,0.79,0.83,0.76,Upgrade
EPS (Diluted),-0.58,0.11,5.50,11.94,1.28,1.76,1.32,1.32,1.87,1.71,0.85,1.45,1.04,1.07,0.98,1.37,1.53,0.84,1.59,1.58,1.36,2.86,2.76,1.06,1.19,1.09,1.06,1.10,1.25,0.86,1.01,0.81,1.39,0.90,0.77,1.03,0.95,0.78,0.82,0.75,Upgrade
EPS Growth,-,-93.75%,316.67%,804.55%,-31.55%,2.92%,55.29%,-8.97%,79.81%,59.81%,-13.27%,5.84%,-32.03%,27.38%,-38.36%,-13.29%,12.50%,-70.63%,-42.39%,49.06%,14.29%,162.39%,160.38%,-3.64%,-4.80%,26.74%,4.95%,35.80%,-10.07%,-4.44%,31.17%,-21.36%,46.32%,15.38%,-6.10%,37.33%,55.74%,6.85%,30.16%,33.93%,Upgrade
Free Cash Flow Per Share,2.73,4.63,4.56,3.09,0.02,4.25,3.39,3.57,0.43,2.09,3.74,1.56,5.72,3.58,6.29,5.26,4.12,5.03,7.18,3.05,2.49,1.83,6.13,4.32,1.67,3.08,2.67,4.14,2.92,3.46,3.99,4.93,2.03,3.02,2.71,2.52,1.83,2.67,2.05,0.58,Upgrade
Dividend Per Share,0.640,0.640,0.640,0.640,0.640,0.640,0.630,0.610,0.560,0.560,0.560,0.560,0.560,0.550,0.550,0.587,0.540,0.540,0.530,0.520,0.510,0.490,0.470,0.460,0.450,0.430,0.410,0.390,0.380,0.380,0.380,0.380,0.360,0.340,0.340,0.320,0.280,0.260,0.260,0.230,Upgrade
Dividend Growth,0%,0%,1.59%,4.92%,14.29%,14.29%,12.50%,8.93%,0%,1.82%,1.82%,-4.60%,3.70%,1.85%,3.77%,12.88%,5.88%,10.20%,12.77%,13.04%,13.33%,13.95%,14.63%,17.95%,18.42%,13.16%,7.89%,2.63%,5.56%,11.76%,11.76%,18.75%,28.57%,30.77%,30.77%,39.13%,21.74%,23.81%,23.81%,27.78%,Upgrade
Gross Margin,36.45%,38.49%,61.76%,80.43%,50.66%,47.25%,47.45%,47.97%,56.59%,46.57%,43.53%,47.58%,36.55%,39.38%,35.62%,37.67%,40.56%,34.46%,38.50%,46.54%,50.01%,43.36%,45.17%,40.72%,44.51%,38.90%,45.79%,43.88%,44.11%,43.81%,41.06%,35.70%,51.91%,42.77%,53.39%,49.63%,48.63%,46.05%,48.89%,48.29%,Upgrade
Operating Margin,-7.64%,0.16%,37.60%,58.53%,12.51%,14.89%,12.50%,12.22%,19.13%,15.71%,8.31%,16.01%,7.21%,9.17%,7.75%,11.34%,14.05%,6.44%,13.09%,15.93%,15.85%,9.72%,25.02%,11.50%,13.58%,10.85%,13.15%,13.22%,14.48%,11.01%,11.39%,9.04%,17.24%,10.91%,15.85%,15.63%,15.19%,11.60%,14.30%,12.01%,Upgrade
Profit Margin,-4.97%,-0.30%,30.11%,45.95%,10.94%,11.53%,10.51%,10.22%,16.12%,12.55%,7.13%,12.79%,6.35%,7.43%,6.22%,9.72%,11.48%,6.27%,10.49%,14.11%,13.77%,26.00%,17.51%,9.74%,11.44%,9.05%,10.94%,10.65%,12.12%,9.03%,9.27%,7.40%,15.59%,9.30%,9.69%,11.75%,11.85%,8.73%,10.97%,10.06%,Upgrade
Free Cash Flow Margin,23.55%,36.30%,24.70%,11.73%,0.20%,27.53%,26.59%,27.40%,3.67%,15.22%,31.04%,13.76%,34.52%,24.56%,39.33%,36.90%,30.64%,37.76%,47.05%,27.02%,24.99%,16.30%,38.26%,39.20%,15.71%,25.18%,27.23%,39.65%,28.03%,36.12%,36.30%,44.55%,22.51%,30.50%,32.05%,28.48%,21.85%,29.43%,26.95%,7.65%,Upgrade
Effective Tax Rate,-,-,20.11%,21.19%,9.41%,18.03%,15.06%,14.43%,15.88%,17.48%,14.24%,17.16%,13.01%,15.69%,18.07%,13.09%,14.67%,4.52%,19.30%,10.91%,12.07%,-168.35%,29.84%,14.10%,14.76%,11.94%,12.32%,18.45%,16.10%,16.66%,18.52%,10.31%,6.42%,11.69%,36.16%,21.92%,14.77%,19.75%,19.42%,11.17%,Upgrade
EBITDA,-218.1,275.8,"1,734.2","3,881.9",373.9,850.9,423.7,422.8,614.7,824.6,275.2,480.8,332.1,583.7,338.2,444.5,503.8,300.9,616.1,563.1,502.2,364.6,"1,204.1",407.7,457.4,408.1,397.9,442.6,484.4,348,434.7,328.9,493,362.3,431.2,443.9,394.7,340.6,354.4,299.9,Upgrade
EBITDA Margin,-7.74%,8.83%,37.69%,58.30%,12.08%,20.80%,12.38%,11.95%,19.16%,21.90%,8.31%,15.44%,7.30%,14.42%,7.59%,11.19%,13.46%,7.98%,14.17%,17.41%,17.42%,11.26%,26.02%,12.83%,15.00%,11.61%,14.12%,14.63%,15.95%,12.40%,13.41%,10.09%,18.55%,12.46%,17.36%,17.03%,15.92%,12.74%,15.82%,13.57%,Upgrade
Depreciation & Amortization,0,295.9,0,0,0,275.3,0,0,0,251.9,0,0,0,226.8,0,0,0,53.2,50.7,50.6,50.6,50.9,49.3,47.4,48.1,47,46.4,47.4,45.8,43.7,66,41.7,41.6,46.7,41.3,41,40.5,39.4,39.3,40.3,Upgrade
EBIT,-218.1,-20.1,"1,734.2","3,881.9",373.9,575.6,423.7,422.8,614.7,572.7,275.2,480.8,332.1,356.9,338.2,444.5,503.8,247.7,565.4,512.5,451.6,313.7,"1,154.8",360.3,409.3,361.1,351.5,395.2,438.6,304.3,368.7,287.2,451.4,315.6,389.9,402.9,354.2,301.2,315.1,259.6,Upgrade
EBIT Margin,-7.74%,-0.64%,37.69%,58.30%,12.08%,14.07%,12.38%,11.95%,19.16%,15.21%,8.31%,15.44%,7.30%,8.82%,7.59%,11.19%,13.46%,6.57%,13.00%,15.84%,15.66%,9.69%,24.95%,11.34%,13.42%,10.28%,12.47%,13.06%,14.44%,10.84%,11.38%,8.81%,16.99%,10.85%,15.69%,15.46%,14.29%,11.27%,14.07%,11.74%,Upgrade
