Metrics,2023-03-31,2022-12-31,2022-09-30,2022-06-30,2022-03-31,2021-12-31,2021-09-30,2021-06-30,2021-03-31,2020-12-31,2020-09-30,2020-06-30,2020-03-31,2019-12-31,2019-09-30,2019-06-30,2019-03-31,2018-12-31,2018-09-30,2018-06-30,2018-03-31,2017-12-31,2017-09-30,2017-06-30,2017-03-31,2016-12-31,2016-09-30,2016-06-30,2016-03-31,2015-12-31,2015-09-30,2015-06-30,2015-03-31,2014-12-31,2014-09-30,2014-06-30,2014-03-31,2013-12-31,2013-09-30,2013-06-30,+70 Quarters
Revenue,"1,443.7","1,478.7","1,366.3","1,292.9","1,330.7","1,378.5","1,274.9","1,292.3","1,282.1","1,294.5","1,249.8","1,224.3","1,056.2","1,257.9","1,214.7","1,198.6","1,219.5","1,102.8","1,166.6","1,133.4","1,091.5","1,092.5","1,085.9","1,266.1","1,260.9",363.1,"1,241.2","1,222","1,227.6","1,204.7","1,233.5","1,297.1","1,298.7","1,285.1","1,265.6","1,273","1,243.9","1,229","1,201.8","1,182.6",Upgrade
Revenue Growth (YoY),8.49%,7.27%,7.17%,0.05%,3.79%,6.49%,2.01%,5.55%,21.39%,2.91%,2.89%,2.14%,-13.39%,14.06%,4.12%,5.75%,11.73%,0.94%,7.43%,-10.48%,-13.43%,200.88%,-12.51%,3.61%,2.71%,-69.86%,0.62%,-5.79%,-5.47%,-6.26%,-2.54%,1.89%,4.41%,4.56%,5.31%,7.64%,5.39%,3.80%,3.81%,4.91%,Upgrade
Cost of Revenue,"1,306.2","1,334.7","1,216.7","1,114.8","1,050.4","1,018","1,088",989.3,"1,021.6",934.4,947.4,949.3,965.1,976.8,938.1,948.2,929.1,933.2,900.8,892.8,889.6,856.5,867.9,989.6,"1,032.9",456.9,949.9,984.1,958.7,927,949.7,"1,006.9","1,033.7",962.6,"1,015.6",985.1,"1,004.2",941.6,939.8,924.8,Upgrade
Gross Profit,137.5,144,149.6,178.1,280.3,360.5,186.9,303,260.5,360.1,302.4,275,91.1,281.1,276.6,250.4,290.4,169.6,265.8,240.6,201.9,236,218,276.5,228,-93.8,291.3,237.9,268.9,277.7,283.8,290.2,265,322.5,250,287.9,239.7,287.4,262,257.8,Upgrade
"Selling, General & Admin",146.5,150.1,140.6,141.4,141.8,147.2,135.9,134.6,137.9,144.6,137.9,122.5,135.6,138.3,136.9,131.3,132.4,129.1,131.9,129.6,131.5,129.4,124,153.3,157,54.5,154.7,143.7,146.1,164.3,153,158.5,171.9,182.6,158.4,163.9,151.3,182.6,159.3,174.5,Upgrade
Other Operating Expenses,0,0,0,0,0,0,0,0,0,0,0,0,0,0,0,0,0,0,0,0,0,0,0,0,0,0,0,-0.4,0,-0.7,0,-37.7,0,0,0,0,0,0,0,0,Upgrade
Operating Expenses,146.5,150.1,140.6,141.4,141.8,147.2,135.9,134.6,137.9,144.6,137.9,122.5,135.6,138.3,136.9,131.3,132.4,129.1,131.9,129.6,131.5,129.4,124,153.3,157,54.5,154.7,143.3,146.1,163.6,153,120.8,171.9,182.6,158.4,163.9,151.3,182.6,159.3,174.5,Upgrade
Operating Income,-9,-6.1,9,36.7,138.5,213.3,51,168.4,122.6,215.5,164.5,152.5,-44.5,142.8,139.7,119.1,158,40.5,133.9,111,70.4,106.6,94,123.2,71,-148.3,136.6,94.6,122.8,114.1,130.8,169.4,93.1,139.9,91.6,124,88.4,104.8,102.7,83.3,Upgrade
Interest Expense / Income,8.5,8.6,8.5,8.5,8.5,8.5,8.5,8.5,8.5,8.5,9.8,9.4,9.4,9.4,9.4,9.3,9.4,11.2,11.2,11.4,11.3,11.3,11.3,12.2,12,8.6,12.5,15.6,14.7,14.7,14.8,15,16.1,16.9,16.3,16.3,16.3,16.6,16.6,17.4,Upgrade
Other Expense / Income,-,-0.3,0.4,0.2,0.4,-0.7,0.8,1.1,0.1,1.3,6.7,0.1,1.3,0.4,-7.7,11,0.2,-93.3,3.6,-16.9,-17.2,20.4,48.4,-,-,-85.6,-0.1,86,-0.1,0.2,4.5,2,-,0.3,0.1,-0.1,0.1,-5.2,-,-0.3,Upgrade
Pretax Income,-17.5,-14.4,0.1,28,129.6,205.5,41.7,158.8,114,205.7,148,143,-55.2,133,138,98.8,148.4,122.6,119.1,116.5,76.3,74.9,34.3,111,59,-71.3,124.2,-7,108.2,99.2,111.5,152.4,77,122.7,75.2,107.8,72,93.4,86.1,66.2,Upgrade
Income Tax,-5.5,-2.8,-0.1,5.4,24.7,42,7.7,30.3,21.3,41.1,29.1,27.8,-15.2,23.2,19.1,24.8,26,-1,18.7,17.2,8.6,23.4,23.2,32.6,13.8,-57.8,35.8,-9,30,21.6,33.2,31.7,22.1,32.8,20.3,25.2,17.4,23.3,24.8,12.8,Upgrade
Net Income,-12,-11.6,0.2,22.6,104.9,163.5,34,128.5,92.7,164.6,118.9,115.2,-40,109.8,118.9,74,122.4,123.6,100.4,99.3,67.7,51.5,11.1,78.4,45.2,-13.5,88.4,2,78.2,77.6,78.3,120.7,54.9,89.9,54.9,82.6,54.6,70.1,61.3,53.4,Upgrade
Net Income Growth,-,-,-99.41%,-82.41%,13.16%,-0.67%,-71.40%,11.55%,-,49.91%,0%,55.68%,-,-11.17%,18.43%,-25.48%,80.80%,140.00%,804.50%,26.66%,49.78%,-,-87.44%,3820.00%,-42.20%,-,12.90%,-98.34%,42.44%,-13.68%,42.62%,46.13%,0.55%,28.25%,-10.44%,54.68%,-17.52%,-,51.73%,156.73%,Upgrade
Shares Outstanding (Basic),36,36,36,36,36,36,36,36,36,37,38,38,38,39,40,41,41,42,43,43,43,43,42,43,43,43,43,43,43,43,44,44,44,44,44,44,44,44,44,44,Upgrade
Shares Outstanding (Diluted),-,-,-,-,-,-,-,-,-,-,-,-,-,-,-,-,41,43,43,43,43,43,43,43,43,43,43,43,44,44,45,45,45,45,45,45,45,45,45,45,Upgrade
Shares Change,0.28%,-,-0.28%,-0.84%,-2.47%,-3.26%,-5.31%,-5.53%,-4.96%,-5.88%,-4.80%,-6.63%,-7.04%,-8.43%,-8.12%,-5.57%,-4.41%,-1.39%,0.47%,0.70%,0.47%,0.93%,-0.23%,-1.38%,-1.38%,-2.94%,-4.23%,-3.56%,-3.55%,-1.56%,-,0.22%,0.67%,-,0.67%,0.22%,-1.10%,-0.22%,-1.33%,-1.32%,Upgrade
EPS (Basic),-0.34,-0.33,0.01,0.64,2.95,4.58,0.95,3.58,2.55,4.41,3.15,3.03,-1.04,2.80,3.00,1.82,3.01,2.92,2.36,2.34,1.59,1.21,0.26,1.85,1.06,-0.31,2.07,0.05,1.82,1.80,1.78,2.73,1.24,2.04,1.25,1.88,1.24,1.60,1.40,1.21,Upgrade
EPS (Diluted),-0.34,-0.33,0.02,0.63,2.91,4.48,0.96,3.55,2.52,4.39,3.14,3.01,-1.01,2.76,2.77,2.06,2.98,0.06,2.41,1.91,1.57,1.89,0.26,1.83,1.05,-0.30,2.06,0.05,1.80,1.76,1.74,2.68,1.22,2.00,1.22,1.84,1.22,1.56,1.37,1.19,Upgrade
EPS Growth,-,-,-97.92%,-82.25%,15.48%,2.05%,-69.43%,17.94%,-,59.06%,13.36%,46.12%,-,4500.00%,14.94%,7.85%,89.81%,-96.83%,826.92%,4.37%,49.52%,-,-87.38%,3560.00%,-41.67%,-,18.39%,-98.13%,47.54%,-12.00%,42.62%,45.65%,0%,28.21%,-10.95%,54.62%,-16.44%,-,53.93%,158.70%,Upgrade
Free Cash Flow Per Share,0.41,5.47,8.74,0.10,5.50,6.35,7.96,4.62,3.83,4.30,8.39,4.86,0.87,4.50,6.81,2.72,0.82,2.00,6.64,3.38,0.66,3.87,6.61,4.50,1.17,4.20,7.55,3.48,1.76,1.97,5.58,0.32,1.82,3.50,5.43,2.27,1.36,4.45,3.25,1.04,Upgrade
Dividend Per Share,0.810,0.810,0.750,0.750,0.750,0.750,0.700,0.700,0.700,0.700,0.650,0.650,0.650,3.150,0.600,0.600,5.350,0.600,0.540,0.540,0.540,0.540,0.500,0.500,0.500,0.500,0.460,0.460,0.460,0.460,0.410,0.410,0.410,0.410,0.370,0.370,0.370,0.370,0.330,0.330,Upgrade
Dividend Growth,8.00%,8.00%,7.14%,7.14%,7.14%,7.14%,7.69%,7.69%,7.69%,-77.78%,8.33%,8.33%,-87.85%,425.00%,11.11%,11.11%,890.74%,11.11%,8.00%,8.00%,8.00%,8.00%,8.70%,8.70%,8.70%,8.70%,12.20%,12.20%,12.20%,12.20%,10.81%,10.81%,10.81%,10.81%,12.12%,12.12%,12.12%,12.12%,10.00%,10.00%,Upgrade
Gross Margin,9.52%,9.74%,10.95%,13.78%,21.06%,26.15%,14.66%,23.45%,20.32%,27.82%,24.20%,22.46%,8.63%,22.35%,22.77%,20.89%,23.81%,15.38%,22.78%,21.23%,18.50%,21.60%,20.08%,21.84%,18.08%,-25.83%,23.47%,19.47%,21.90%,23.05%,23.01%,22.37%,20.41%,25.10%,19.75%,22.62%,19.27%,23.38%,21.80%,21.80%,Upgrade
Operating Margin,-0.62%,-0.41%,0.66%,2.84%,10.41%,15.47%,4.00%,13.03%,9.56%,16.65%,13.16%,12.46%,-4.21%,11.35%,11.50%,9.94%,12.96%,3.67%,11.48%,9.79%,6.45%,9.76%,8.66%,9.73%,5.63%,-40.84%,11.01%,7.74%,10.00%,9.47%,10.60%,13.06%,7.17%,10.89%,7.24%,9.74%,7.11%,8.53%,8.55%,7.04%,Upgrade
Profit Margin,-0.83%,-0.78%,0.01%,1.75%,7.88%,11.86%,2.67%,9.94%,7.23%,12.72%,9.51%,9.41%,-3.79%,8.73%,9.79%,6.17%,10.04%,11.21%,8.61%,8.76%,6.20%,4.71%,1.02%,6.19%,3.58%,-3.72%,7.12%,0.16%,6.37%,6.44%,6.35%,9.31%,4.23%,7.00%,4.34%,6.49%,4.39%,5.70%,5.10%,4.52%,Upgrade
Free Cash Flow Margin,1.01%,13.16%,22.77%,0.28%,14.67%,16.39%,22.30%,12.84%,10.88%,12.22%,25.32%,15.08%,3.16%,13.98%,22.19%,9.24%,2.73%,7.64%,24.20%,12.69%,2.56%,15.06%,25.81%,15.11%,3.96%,49.55%,25.97%,12.26%,6.16%,7.08%,19.89%,1.09%,6.19%,11.98%,18.93%,7.87%,4.81%,15.96%,11.84%,3.87%,Upgrade
Effective Tax Rate,-,-,-100.00%,19.29%,19.06%,20.44%,18.47%,19.08%,18.68%,19.98%,19.66%,19.44%,-,17.44%,13.84%,25.10%,17.52%,-0.82%,15.70%,14.76%,11.27%,31.24%,67.64%,29.37%,23.39%,-,28.82%,-,27.73%,21.77%,29.78%,20.80%,28.70%,26.73%,26.99%,23.38%,24.17%,24.95%,28.80%,19.34%,Upgrade
EBITDA,-6.8,-2.9,12.4,39.4,141.4,218.4,54.5,171.7,126.3,218.5,162.2,156.8,-40.7,147.2,152.2,113.2,164.7,137.4,137.2,135.1,94.5,93.3,53.2,131,78.6,-56.6,145.1,16.4,131.3,121.3,132.3,176.1,101.2,147.8,99.9,131.9,97.4,119.6,110.7,92.6,Upgrade
EBITDA Margin,-0.47%,-0.20%,0.91%,3.05%,10.63%,15.84%,4.27%,13.29%,9.85%,16.88%,12.98%,12.81%,-3.85%,11.70%,12.53%,9.44%,13.51%,12.46%,11.76%,11.92%,8.66%,8.54%,4.90%,10.35%,6.23%,-15.59%,11.69%,1.34%,10.70%,10.07%,10.73%,13.58%,7.79%,11.50%,7.89%,10.36%,7.83%,9.73%,9.21%,7.83%,Upgrade
Depreciation & Amortization,2.2,2.9,3.8,2.9,3.3,4.4,4.3,4.4,3.8,4.3,4.4,4.4,5.1,4.8,4.8,5.1,6.9,3.6,6.9,7.2,6.9,7.1,7.6,7.8,7.6,6.1,8.4,7.8,8.4,7.4,6,8.7,8.1,8.2,8.4,7.8,9.1,9.6,8,9,Upgrade
EBIT,-9,-5.8,8.6,36.5,138.1,214,50.2,167.3,122.5,214.2,157.8,152.4,-45.8,142.4,147.4,108.1,157.8,133.8,130.3,127.9,87.6,86.2,45.6,123.2,71,-62.7,136.7,8.6,122.9,113.9,126.3,167.4,93.1,139.6,91.5,124.1,88.3,110,102.7,83.6,Upgrade
EBIT Margin,-0.62%,-0.39%,0.63%,2.82%,10.38%,15.52%,3.94%,12.95%,9.55%,16.55%,12.63%,12.45%,-4.34%,11.32%,12.13%,9.02%,12.94%,12.13%,11.17%,11.28%,8.03%,7.89%,4.20%,9.73%,5.63%,-17.27%,11.01%,0.70%,10.01%,9.45%,10.24%,12.91%,7.17%,10.86%,7.23%,9.75%,7.10%,8.95%,8.55%,7.07%,Upgrade
